2998 5052
488 340 565 447 ¹An
590 382 737 450 1L1AD.
761 391 800 452 n.
837 373 841 382 ’
946 377 952 384 ·
1106 389 1170 462 scs

127 547 211 617 forte
236 551 330 618 etiarn
354 555 473 642 majore
497 577 570 620 cum
595 557 776 637 subtilitate,
799 583 856 648 per
881 557 1019 626 diversos
1044 560 1172 660 gradus,

127 662 201 704 cum
226 639 423 728 detineamur
445 643 670 730 expectatione,
696 646 847 733 quidnam
872 647 914 712 ad
937 647 1077 726 Achillis,
1096 647 1174 713 iram

127 727 314 814 placandam
344 742 376 794 et
403 729 445 794 ad
473 731 662 796 mutandum
691 733 852 798 consilium
886 734 1106 799 adducturum·
1135 734 1175 799 sit

128 813 301 895 Achillem,
316 839 366 880 res
387 839 424 880 eo
445 816 624 897 deducitur,
639 829 676 882 ut
691 820 855 885 Patroclus
868 819 1062 885 miseratione
1076 821 1175 886 Achi-

128 924 243 966 vorum
257 916 432 984 commotus
442 903 546 992 copias
558 904 798 993 Myrmidonum
812 907 988 972 educendas
1002 908 1043 973 ab
1054 907 1175 972 Achille

129 987 289 1076 impetret,
316 1013 435 1078 suaque
461 991 633 1056 temeritate
658 991 717 1057 sibi
742 993 843 1057 fatum
869 1007 1015 1072 maturet,
1042 994 1176 1060 Achillis

130 1089 238 1140 autem
259 1075 364 1141 animo
385 1077 525 1142 dolorem
546 1091 669 1143 tanturn
691 1078 818 1166 injiciat,
834 1080 918 1143 utin
933 1079 1022 1145 amici
1043 1094 1175 1145 mortem

130 1160 341 1227 ulciscendam
365 1164 455 1228 unice
475 1164 632 1228 intentum
655 1165 795 1230 animum
813 1165 938 1246 habeat,
958 1167 1116 1253 atque'ita
1134 1166 1176 1231 ad

132 1271 220 1312 arma
234 1250 422 1337 capessenda
435 1251 549 1315 iterum
565 1251 713 1339 prodeat:
736 1251 888 1316 hactenus
898 1254 1052 1336 proprium
1068 1253 1177 1318 Iliadis

130 1348 353 1422 argumentum
369 1349 442 1401 sunt
447 1336 595 1419 fortunae
607 1339 787 1402 Achiuorum
796 1349 832 1418 ‚et
850 1337 1049 1424 lltry'anontm
1062 1341 1176 1424 uicissi-

134 1423 253 1486 tudines
267 1445 305 1486 ea
318 1424 366 1487 iro
380 1425 513 1488 Achillis
534 1426 655 1510 anemae
674 1435 780 1508 postea
798 1426 915 1490 virtute.
961 1427 1177 1512 Exponuntur

132 1521 237 1573 tamen
252 1532 306 1574 eae
320 1531 449 1593 noviper
462 1531 505 1589 ee,
521 1511 576 1575 aed
590 1535 628 1575 eo
640 1523 784 1598 respectu
798 1533 834 1576 ac
850 1509 987 1590 consilio,
1004 1527 1041 1575 ut
1052 1535 1111 1610 per
1125 1521 1177 1576 eas

131 1594 268 1660 Achillis
281 1595 382 1660 virtus
395 1597 591 1686 insigniatur,
607 1598 726 1686 quippe
740 1621 805 1684 qua
820 1596 962 1662 destituti
977 1597 1094 1662 Achivi
1109 1622 1177 1663 suc-

131 1683 298 1762 cumbunt,
313 1683 422 1747 eadem
436 1683 561 1749 reddita
576 1684 714 1749 vincunt.
759 1684 966 1772 Respondent
980 1684 1025 1748 ita
1038 1685 1174 1764 consilio,

131 1782 163 1833 et
187 1768 354 1835 cohaerent
376 1783 488 1835 mutua
505 1771 666 1858 junctura,
683 1782 788 1858 partes
808 1771 991 1858 insigniores
1011 1771 1177 1858 praeclare.

134 1855 168 1920 Si
183 1854 243 1919 boc
257 1855 347 1940 facile
361 1857 555 1936 concesseris,
570 1880 634 1922 non
648 1869 751 1922 tamen
765 1857 882 1945 pariter
898 1857 1095 1957 pronuntiari
1108 1871 1178 1946 pot-

115 1989 120 2010 -.
132 1955 191 2020 est,
207 1940 301 2006 etiam
314 1941 436 2024 minora
449 1967 593 2031 quaeque
614 1967 650 2008 ac
671 1943 788 2008 leviora
808 1944 965 2031 aptisstme
979 1943 1098 2031 ubique
1113 1969 1178 2010 esse

132 2028 289 2117 copulata.
336 2032 417 2095 Sunt
431 2053 559 2117 quoque
579 2043 684 2118 partes
704 2030 887 2118 episodicae‚
903 2055 985 2118 quae
1003 2032 1109 2096 abesse
1123 2055 1180 2120 po-

115 2128 249 2194 terant,
267 2117 348 2180 forte
369 2116 462 2182 etiam
484 2116 614 2196 melius,
627 2117 776 2204 quoniam
797 2117 936 2181 animum
958 2118 998 2183 ab
1020 2141 1069 2199 eo,
1082 2119 1179 2206 ¹quod
1244 2169 1247 2181 .

135 2225 267 2289 magnos
288 2202 383 2266 animi
404 2219 509 2268 motus
530 2217 561 2268 et
583 2205 712 2268 affectus
731 2203 856 2283 excitat,
872 2217 1048 2268 avocasset
1061 2205 1103 2268 ad
1119 2205 1180 2270 alia

134 2303 293 2368 avertunt,
320 2290 436 2376 quibus
460 2290 553 2355 ardor
577 2291 685 2356 residit
710 2303 741 2355 et
765 2289 919 2378 collapsus
945 2291 1090 2378 tepescit;
1115 2315 1180 2378 quo

134 2398 263 2463 pugnae
277 2376 448 2476 singulares
461 2377 526 2441 inte
585 2377 671 2455 sitae,
689 2375 810 2440 Paridis
824 2399 863 2440 ex
877 2399 987 2463 pugna
1000 2376 1119 2441 reditus
1138 2379 1180 2442 ad

134 2485 279 2542 uxorem,
292 2463 456 2529 Diomedis
468 2477 501 2528 et
515 2465 548 2528 U
560 2463 639 2551 yssis
653 2475 807 2540 nocturna
820 2462 984 2550 profectio,
1000 2479 1033 2528 et
1045 2462 1115 2542 alia,
1131 2487 1179 2528 re-

112 2599 114 2606 .
134 2549 210 2613 ferri
224 2564 365 2638 possunt.
1151 2557 1155 2564 '

136 2675 140 2678 -
182 2636 331 2701 Studium
353 2637 521 2726 copulandi
542 2636 679 2701 diversas
698 2650 803 2724 partes
822 2648 961 2724 arguunt
979 2636 1114 2702 maxime
1132 2659 1180 2701 re-

135 2723 238 2810 petiti,
254 2723 412 2788 interdurn
426 2723 601 2810 interrupta
615 2724 791 2788 narratione
809 2722 966 2802 insulcati,
981 2724 1111 2787 deorum
1133 2723 1180 2786 in-

136 2823 307 2891 terventus,
323 2834 458 2898 quorum
481 2810 734 2875 memorationem
749 2834 786 2874 ea
798 2810 867 2896 ipsa
880 2809 920 2873 de
934 2833 1043 2874 caussa
1062 2809 1179 2896 subjeci

136 2894 289 2962 librorum
304 2897 506 2985 argumentis
522 2897 562 2960 de
575 2896 686 2995 iisque,
702 2919 783 2984 quae
799 2896 927 2959 molesta
940 2905 1006 2959 esse
1020 2895 1177 2974 videntur,

113 3048 117 3054 ,
138 2982 269 3070 singulis
283 2983 316 3047 in
330 2983 404 3048 locis
417 2984 536 3063 monui,
547 2983 689 3071 inprimis
703 2983 744 3060 ad
757 2982 873 3045 librum
889 2989 932 3044 Π.
948 2987 979 3044 Ρ.
991 2981 1028 3047 Σ.
1042 3005 1070 3044 v.
1087 2980 1178 3046 Obss.

136 3074 177 3138 ad
194 3078 236 3135 Π.
254 3073 319 3135 432
332 3083 363 3134 et
377 3072 416 3137 Σ.
431 3070 503 3136 356.
520 3069 576 3134 ubi
593 3069 686 3133 etiam
702 3067 856 3132 Zenodoti
869 3067 1122 3155 reprehensiones
1136 3067 1181 3131 vi-

137 3161 212 3224 dere
229 3157 310 3222 licet.
355 3156 466 3222 Omnis
484 3179 590 3220 rerum
613 3155 707 3220 cardo
728 3154 862 3218 vertitur
880 3153 913 3217 in
935 3153 1026 3218 «Iovis
1043 3152 1180 3233 consilio,

138 3247 216 3312 dum
231 3243 283 3307 ille
297 3261 353 3332 p'er
368 3243 489 3308 easdem
505 3242 608 3307 clades
622 3241 753 3307 Achivis
769 3239 881 3319 illatas,
896 3239 929 3303 id
944 3239 1031 3326 quod
1045 3239 1180 3320 volebat,

137 3330 261 3420 assequi
276 3331 401 3404 studet;
426 3329 517 3394 simul
531 3341 635 3393 tamen
655 3325 852 3393 Achivorum
866 3325 978 3390 virtuti
991 3338 1022 3390 et
1035 3326 1184 3402 laudini-

138 3421 184 3485 hil
198 3417 270 3484 vult
283 3417 423 3500 detrabi;
447 3416 512 3504 quo
533 3415 601 3503 ipso
623 3414 754 3502 speciem
774 3413 859 3477 illam
873 3426 1040 3500 augustam
1055 3413 1184 3490 carmini

139 3521 235 3595 poeta
247 3504 369 3578 induit;
394 3503 554 3590 simulque¹
570 3501 693 3566 animus
714 3524 881 3588 suspensus
903 3499 1116 3586 expectatione
1137 3513 1183 3564 te·
1240 3531 1241 3536 ¹

140 3605 246 3671 netur,
261 3590 350 3655 'dum
371 3589 533 3654 consilium
557 3589 637 3652 illud
660 3589 751 3658 Jovis
775 3610 839 3650 non
858 3585 918 3649 nisi
938 3585 1105 3673 pertimet
1126 3608 1183 3672 per
1230 3665 1233 3671 Ι

177 3679 258 3744 adus
273 3678 385 3743 sensim
406 3676 518 3756 sensim
541 3698 581 3739 ue
595 3674 733 3761 apertius
746 3673 973 3750 manifestatur,
991 3672 1034 3755 (v.
1052 3673 1127 3738 Not.
1142 3673 1184 3736 ad

153 3767 194 3832 ‘b.
212 3768 243 3845 Ι,
259 3769 305 3851 5.)
328 3763 495 3852 quemadm
539 3785 594 3826 um
620 3759 750 3824 Achillis
771 3782 897 3845 quoque
918 3759 985 3823 fata
1005 3757 1107 3845 primo
1128 3759 1183 3822 ob-

130 3853 274 3936 scurius
290 3865 359 3916 tum
373 3849 511 3937 apertius
547 3847 725 3920 roduntur3
749 3868 778 3908 v.
795 3845 886 3910 Obss.
902 3846 938 3911 Σ.
955 3848 985 3914 9.

185 3943 249 4004 Est
269 3938 376 4026 itaque
397 3948 485 4000 tenor
506 3871 618 4022 uliquis
640 3932 737 3997 totius
750 3931 904 4012 carminis,
920 3930 1073 3994 unitatem
1087 3929 1184 4016 vulgo

141 4025 312 4115 appellant,
328 4047 385 4113 per
398 4035 502 4110 partes
515 4021 597 4100 inter
611 4043 645 4084 se
654 4020 827 4107 junctaset
839 4039 1012 4104 congruas-3
1036 4015 1183 4101 sagacita-

141 4129 206 4179 tem
230 4134 358 4201 quoque
381 4110 415 4173 in
438 4119 662 4194 eo'agnoscas3
686 4104 805 4170 etiamsi
827 4127 921 4192 neges
943 4123 1012 4166 eam
1031 4123 1097 4164 esse
1119 4113 1183 4164 tam

141 4189 368 4276 admirabilem,
402 4193 630 4280 artificiumque
661 4193 760 4256 inesse
795 4203 899 4276 tantae
929 4185 1115 4265 calliditatis,
1147 4201 1184 4251 ut

141 4309 268 4352 ornnem
291 4282 421 4350 humani
443 4280 560 4370 ingenii
581 4278 745 4343 modulum
768 4275 915 4350 excedat3
939 4272 1104 4358 multoque
1128 4273 1180 4336 mi·

143 4397 216 4452 nus,
242 4373 267 4437 si
288 4393 410 4437 mecum
433 4368 472 4434 ad
496 4391 564 4432 eam
590 4365 801 4453 quaestionem
824 4361 991 4449 procedas:
1004 4359 1185 4432 ,ecbtnitne
