2998 5052
322 321 388 386 aaa
661 289 924 384 excussus
949 317 1021 383 111.

322 491 417 581 qunti
431 507 505 558 suut
525 491 618 557 multi
637 495 695 580 per
711 490 822 556 omnia
840 504 992 578 tempora,
1007 489 1102 554 etiam
1123 500 1251 565 nostra;
1275 487 1369 556 habet

322 579 406 644 enim
417 578 602 645 suavitatem
613 577 715 667 mythi
726 577 848 665 antiqui
860 600 936 642 usus
946 575 1126 666 ingeniosus
1135 575 1260 663 vulgari
1272 597 1368 642 enun-

322 665 443 732 tiationi
458 664 666 741 substitutus;
689 663 787 730 veluti
809 664 834 729 si
852 678 979 730 cineam
996 665 1019 729 J
1021 663 1088 728 ovis
1102 677 1243 729 catenam
1259 663 1369 751 aliquis

323 753 490 822 transferat
511 752 552 816 ad
573 752 714 818 omnium
735 765 850 816 rernm*
863 750 945 815 inter
966 775 998 816 se
1020 773 1146 814 nexum.
1185 749 1274 815 Huic
1288 750 1368 814 dele·
1485 769 1486 816 1

322 839 429 904 ctandi
443 838 571 904 consilio
584 839 739 904 debentur
753 837 856 924 mythi
873 837 1035 916 Platonici,
1050 836 1165 924 partim
1180 861 1219 900 ex
1234 836 1368 924 antiqui·
1485 893 1486 898 ,

322 925 431 991 oribus
444 925 531 990 ducti
550 938 583 990 et
604 925 647 988 ad
669 924 730 990 alia
743 923 890 1002 traducti,
964 923 1019 988 tim
1034 924 1123 988 novis
1136 923 1272 988 inventis
1287 923 1368 988 aucti
1485 983 1486 1008 ἦ

323 1025 355 1076 et
369 1011 491 1077 mutati.
529 1013 648 1076 Verum
662 1011 703 1076 de
717 1010 835 1098 mythis
849 1023 880 1074 et
936 1009 1048 1098 egoriis
1063 1009 1205 1075 Platonis
1216 1010 1367 1076 habemus

325 1097 441 1186 scripta
454 1098 547 1164 docta
560 1110 593 1163 et
607 1113 709 1176 acuta,
725 1098 819 1162 etiam
832 1120 852 1161 a
866 1096 1065 1162 nostratibus.

368 1184 506 1252 Omnino
518 1184 595 1249 mihi
616 1184 649 1248 in
663 1195 730 1250 tota
750 1185 809 1250 hac
830 1183 1011 1271 quaestione
1031 1183 1125 1271 plura
1145 1184 1368 1271 comprehensa

323 1284 356 1339 et
370 1271 498 1336 collecta
519 1295 584 1338 esse
598 1271 757 1350 videntur,
772 1293 854 1358 quae
876 1269 1022 1334 subtilius
1043 1283 1117 1334 sunt
1138 1269 1316 1336 dirimenda
1332 1296 1366 1336 ac

323 1351 534 1424 discernenda.
571 1356 675 1423 Aliud
688 1371 736 1422 est
749 1356 877 1422 consilio
890 1381 926 1422 ac
941 1356 1046 1421 studio
1062 1357 1239 1421 Homerum
1254 1373 1287 1423 et
1302 1360 1368 1424 Ho-

323 1444 453 1511 mericos
466 1444 593 1534 mythos
615 1443 778 1532 allegorice
799 1443 1017 1532 interpretari;
1041 1442 1127 1512 aliud
1149 1442 1277 1592 mythos
1302 1446 1368 1510 nni-

322 1553 411 1596 verse
432 1530 595 1620 allegorice
615 1530 813 1620 interpretari
834 1530 1024 1617 omninoque
1045 1553 1104 1618 pro
1125 1553 1188 1618 exp
1199 1544 1290 1595 orato
1310 1531 1369 1596 hoc

323 1640 450 1706 ponere,
465 1641 529 1684 non
543 1619 604 1684 alio
624 1641 716 1683 sensu
737 1631 769 1682 et
790 1616 917 1683 consilio
930 1617 989 1681 hos
1010 1617 1136 1706 mythos
1159 1617 1199 1681 ab
1219 1616 1309 1682 initio
1323 1619 1368 1682 in·

323 1718 433 1771 ventos
446 1729 532 1780 esse;
556 1703 653 1784 aliud,
673 1703 871 1784 contendere,
888 1706 1065 1768 Homerum
1080 1727 1132 1767 eos
1147 1725 1209 1767 non
1224 1703 1287 1768 alio
1302 1729 1370 1778 sem,

323 1815 360 1857 su
375 1807 407 1857 et
421 1791 566 1880 opinione
577 1791 766 1871 adhibuisse,
775 1814 871 1878 quam
887 1804 924 1855 ut
937 1789 1102 1878 allegorica
1115 1790 1369 1880 interpretatione
1412 1817 1415 1823 ’

322 1878 421 1967 accipi
435 1878 547 1944 vellet:
566 1878 659 2029 ¹qpod
675 1879 716 1944 ab
734 1877 820 1943 omni
843 1877 922 1965 epici
935 1875 1079 1942 carminis
1100 1891 1214 1941 natura
1231 1876 1367 1943 alienum

323 1978 381 2032 est.
425 1965 548 2031 Iterum
597 1964 627 2028 'a
648 1977 694 2029 est
716 1964 878 2042 sententia,
890 1965 920 2064 ‘si
941 1963 1012 2062 quis
1031 1963 1156 2042 dixerit,
1171 1964 1272 2029 inesse
1286 1965 1368 2030 inter
1485 1975 1486 1988 ³

323 2051 450 2140 mythos
463 2049 752 2152 antiquosualiquod
762 2074 874 2139 genus,
889 2073 987 2116 messe
1001 2074 1034 2114 m
1048 2051 1117 2149 ipso
1132 2051 1285 2150 Homero,
1301 2076 1368 2140 my-

324 2138 406 2218 thos,
422 2161 558 2226 quorum
572 2161 666 2227 primi
680 2152 822 2203 auctores
837 2137 1005 2225 symbolice
1019 2137 1155 2224 aliquam
1173 2152 1288 2202 mentis
1303 2163 1369 2204 sen-
1485 2137 1486 2144 '

323 2224 453 2290 tentiam
468 2224 692 2290 declaraverint
706 2238 763 2289 aut
781 2224 937 2289 declarare
957 2223 1092 2288 voluisse
1106 2224 1293 2299 videantur3
1318 2250 1369 2290 eos
1485 2277 1486 2286 r

323 2325 427 2378 tamen
442 2312 568 2400 mythos
588 2314 764 2377 Homerum
780 2311 888 2378 fecisse
907 2334 990 2389 snos,
1006 2310 1070 2375 sive
1086 2324 1131 2374 ut
1168 2334 1204 2374 ro
1217 2310 1311 2376 factis
1324 2313 1369 2377 in-
1485 2367 1486 2396 ,

322 2412 371 2463 ter
399 2411 525 2464 narrata
544 2398 706 2487 reciperet,
729 2399 794 2464 sive
818 2411 853 2462 ut
880 2396 1055 2484 antiquitus
1076 2335 1218 2462 fabuiose
1244 2397 1369 2465 narrata

322 2484 353 2549 in
370 2489 548 2551 suam'rem
562 2499 708 2564 verteret,
725 2499 761 2550 nt
783 2485 816 2550 in
839 2483 964 2572 Ulyssis
987 2507 1106 2548 errores
1131 2483 1264 2564 Sirenae,
1282 2487 1322 2550 Sc
1344 2487 1369 2551 l·
1485 2541 1486 2576 ,

321 2569 396 2651 lam,
419 2573 615 2672 Charybdin,
642 2573 766 2651 Circen,
791 2571 956 2660 Cyclopes,
980 2570 1177 2636 Trinacriam
1198 2510 1366 2638 transtulit

323 2659 414 2724 Haec
429 2671 493 2723 tam
508 2657 631 2723 diversa
643 2659 724 2724 inter
739 2681 771 2723 se
785 2657 842 2746 qui
854 2656 1077 2737 confuderunt,
1094 2680 1157 2722 non
1171 2657 1230 2722 nisi
1244 2673 1370 2746 pertur-
1485 2657 1486 2730 J

322 2743 395 2809 b'ate
409 2744 450 2810 de
459 2743 607 2832 allegoria
622 2768 676 2810 seu
691 2745 834 2810 universe
853 2767 908 2808 seu
924 2744 1095 2810 Homerica
1109 2757 1246 2809 statuere
1259 2761 1292 2811 et
1307 2747 1370 2812 dis·

322 2844 435 2918 putare
459 2843 643 2919 potuerunt.
688 2832 825 2897 Omnino
846 2830 918 2919 quis
938 2853 1002 2894 non
1024 2831 1118 2898 sentit
1138 2831 1241 2918 primo
1263 2834 1368 2900 statim

322 2918 454 2998 monitu,
470 2917 668 2982 diversissimi
681 2919 804 3006 generis
816 2942 882 2984 esse
895 2917 1021 3006 mythos
1031 2941 1173 2982 errorum
1188 2916 1316 3008 Ulyssis
1330 2921 1371 2986 ab

320 3004 370 3105 its,
385 3005 440 3094 qui
454 3004 496 3070 de
510 3004 569 3070 diis
583 3019 640 3070 ant
654 3005 710 3093 qui
729 3005 770 3070 de
788 3003 936 3069 heroibus
954 3003 987 3067 in
1012 3004 1113 3070 Iliade
1130 3012 1367 3072 memorantur!

220 3107 223 3116 ’
323 3092 444 3158 Scilicet
459 3115 523 3156 non
542 3091 764 3156 dimittendum
779 3105 846 3158 erat
870 3090 984 3169 animo,
999 3091 1087 3178 qnod
1101 3091 1142 3156 ab
1164 3091 1254 3157 initio
1269 3095 1370 3159 moni·

322 3191 390 3244 tum
405 3191 463 3259 est,
478 3177 554 3244 alios
568 3179 695 3266 mythos
712 3178 891 3244 historicam
910 3178 1026 3242 habere
1044 3177 1208 3266 originem,
1222 3181 1371 3266 raepara-

320 3266 435 3347 ράδοτα,
451 3289 533 3353 quae
546 3287 578 3328 m
615 3265 684 3329 hice
695 3265 857 3331 enuntiata
870 3269 901 3328 et
915 3288 935 3328 a
948 3263 1049 3352 poetis
1062 3277 1173 3330 ornata
1186 3265 1370 3355 satiataque

320 3365 406 3430 sunt,
421 3350 497 3416 alios
511 3375 564 3438 my
602 3374 637 3416 os
656 3375 721 3416 esse
743 3375 844 3416 meras
857 3350 1028 3440 opiniones,
1039 3351 1169 3439 judicia,
1190 3376 1300 3418 sensus
1315 3377 1369 3419 an-

319 3436 481 3526 tiquorum
502 3436 665 3502 hominnm
685 3438 725 3502 de
747 3440 841 3504 rebus
854 3451 886 3508 et
907 3436 1043 3511 eventis;
1067 3454 1099 3502 et
1120 3439 1196 3502 haec
1217 3438 1272 3504 illa
1294 3454 1369 3505 sunt

318 3524 520 3608 μεμυθευμένα,
535 3515 617 3613 quae
635 3524 772 3592 fundum
794 3525 930 3613 aliquem
951 3516 1096 3589 habuisse
1118 3547 1241 3590 necesse
1263 3541 1321 3607 est,
1338 3542 1369 3592 et

319 3623 400 3676 stare
419 3611 465 3677 ita
484 3624 564 3700 puto
585 3611 672 3699 qnod
696 3613 809 3678 Strabo
830 3610 1001 3690 contendit,
1017 3609 1057 3675 du
1080 3615 1109 3676 οὗ
1131 3611 1225 3676 πάντα
1240 3611 1368 3706 Ὄμηρος
1485 3683 1486 3686 ,

319 3697 402 3773 αὐτὸς
417 3697 548 3764 haenc.
563 3703 595 3763 et
609 3713 693 3774 recte
707 3724 739 3765 se
753 3701 849 3766 habet
858 3697 1014 3787 judicium
1031 3697 1156 3786 Polybii
1169 3700 1258 3786 quod
1268 3724 1367 3790 appo·

319 3773 705 3872 numanam

363 3871 545 3937 Secundum
566 3872 643 3937 haec
664 3870 838 3938 accuratius
859 3871 1029 3938 constituta
1049 3870 1170 3936 facilins
1191 3870 1297 3936 licebit
1318 3897 1366 3938 ce-

318 3968 386 4022 tera
398 3958 555 4046 expedire.
600 3958 808 4024 Manifestum
825 3958 872 4037 fit,
888 3981 927 4023 ex
948 3957 985 4022 iis
1006 3958 1089 4023 iuter
1102 3971 1232 4037 veteres,
1248 3958 1365 4045 quibus

317 4043 532 4132 importunum
562 4044 621 4110 alle
663 4045 781 4110 riarum
806 4045 946 4110 studium
968 4045 1066 4134 vulgo
1087 4045 1247 4124 tribuitur,
1278 4044 1364 4124 ahos,

316 4129 443 4220 mythos
456 4132 595 4211 omniuo,
642 4132 686 4198 'os
701 4136 824 4197 tantum
839 4131 1017 4212 nonnullos,
1033 4131 1109 4198 ahos
1124 4131 1224 4196 solnm
1246 4134 1366 4197 Home-

317 4241 389 4284 rum
404 4233 436 4289 et
450 4220 577 4308 mythos
594 4219 780 4286 Homericos
797 4218 1016 4310 interpretatos
1036 4241 1112 4296 esse,
1128 4240 1186 4283 nec
1210 4241 1276 4282 uno
1295 4241 1368 4284 con·
1485 4221 1486 4236 ³

317 4304 401 4370 silio:
425 4327 498 4374 nain
513 4307 564 4375 alii
579 4306 743 4396 religiones
758 4306 874 4396 patrias
889 4305 983 4388 tueri,
994 4305 1046 4372 alii
1061 4318 1207 4396 poetam3
1230 4305 1283 4371 alii
1296 4305 1366 4394 phi-
