3008 5056
294 367 340 440 92
665 365 916 437 EXCURSUS
938 363 968 430 1.

202 577 207 589 «
294 559 410 605 rerum*
422 559 496 605 vere
516 549 676 628 gestarum
696 537 838 603 ordinem
861 534 1034 616 referenda,
1056 546 1089 598 et
1113 531 1269 598 immerito
1290 553 1341 598 ro-

293 625 370 692 tent
384 625 465 690 inter
478 648 526 704 ea,
542 624 657 712 quibus
669 645 729 712 pro
742 622 934 712 argumentis
952 620 1105 686 historicis
1123 619 1232 709 positis
1246 642 1340 684 omme

294 710 413 776 bellum
428 711 605 798 Trojanum
618 731 690 776 cum
710 710 778 797 ipso
794 709 855 774 llio
869 733 887 773 e
899 709 1072 796 priscorum
1091 720 1275 771 eventorum
1289 729 1340 770 or-

294 796 368 861 dine
384 795 515 862 tollitur.
558 798 689 861 Poetam
707 796 784 860 haec
798 817 935 874 narrare,
950 816 1014 859 non
1034 792 1228 872 historicum,
1244 797 1362 879 repul

294 883 427 948 tandum
441 895 507 957 est3
530 905 666 970 eumque
679 905 726 962 ea,
741 876 823 968 quae
835 880 921 945 fama
933 891 1060 968 accepta
1073 892 1163 944 erant
1181 879 1338 958 universe,

294 991 406 1034 ornare
420 980 452 1033 et
465 967 705 1056 locupletareiis
723 967 825 1032 modis
838 989 875 1030 ac
888 965 995 1054 copiis,
1011 988 1089 1053 quas
1102 964 1151 1029 vis
1164 964 1277 1028 mentis
1291 963 1339 1028 via

294 1053 369 1118 vida
382 1078 419 1119 su
441 1055 569 1142 peditat.
615 1057 729 1140 Itaque
750 1076 807 1118 nec
826 1075 962 1140 aequum
977 1075 1042 1117 esse
1056 1074 1177 1130 censeo,
1192 1072 1340 1116 revocare

294 1139 391 1227 hujus
432 1140 471 1204 'ei
489 1153 558 1206 acta
575 1140 617 1203 ad
633 1161 807 1218 censuram,
828 1161 924 1225 quam
942 1151 1026 1203 recte
1044 1137 1078 1202 in
1097 1136 1246 1224 scriptore
1263 1136 1338 1202 belli

295 1226 427 1314 Trojani
438 1227 597 1305 adhibeas,
609 1248 773 1314 perperam
783 1237 889 1290 autem
902 1224 935 1288 in
949 1238 1074 1312 poetam
1088 1223 1217 1297 inferas3
1233 1245 1338 1309 neque
1442 1225 1444 1232 ’

293 1311 373 1376 bene
387 1313 526 1392 carmini,
540 1313 632 1400 cujus
652 1335 745 1377 omne
765 1310 927 1376 consilium
969 1309 1143 1398 ropositum
1157 1320 1214 1387 est,
1229 1321 1267 1373 ut
1280 1308 1339 1372 mi-

291 1397 412 1462 ratione
425 1422 531 1463 rerum
544 1399 771 1485 hominumque
784 1398 899 1548 inpecta
910 1396 933 1461 d
962 1409 1044 1461 ectet
1060 1394 1233 1474 audientes,
1249 1393 1275 1458 si
1289 1417 1337 1459 re-

266 1513 268 1523 *
292 1505 365 1547 rum
378 1483 535 1634 sigillatim
549 1484 762 1573 expositarum
781 1507 818 1548 su
841 1483 926 1549 tilem
945 1505 1107 1548 recensum
1120 1481 1215 1546 facias
1227 1492 1261 1545 et
1275 1479 1337 1546 sin-

381 1594 398 1635 c
441 1583 509 1636 ecta
521 1570 555 1636 in
569 1584 752 1658 computum
767 1593 857 1634 voces
871 1581 903 1634 et
919 1569 1054 1635 rationes
1073 1566 1267 1654 singularum
1289 1589 1337 1631 re-

291 1676 363 1720 rum
378 1657 541 1755 exquiras:
564 1655 599 1721 id
612 1656 700 1755 quod
717 1669 808 1735 esset,
822 1668 913 1743 puto,
927 1667 1053 1744 poetam
1071 1653 1105 1718 in
1123 1652 1265 1719 ordinem
1285 1677 1338 1719 co-

290 1763 365 1828 gere
379 1743 612 1828 Quiritiumque
622 1765 677 1840 Jus
690 1753 723 1806 et
736 1741 912 1806 libertatem
925 1741 1042 1808 tollere.

297 1857 298 1864 ¹
335 1830 444 1894 Potest
458 1847 586 1926 quoque
600 1826 672 1907 dici,
683 1839 808 1916 poetam
822 1827 980 1891 variorum
993 1827 1116 1892 dierum
1131 1838 1200 1893 aeta
1212 1837 1338 1916 pugna-

289 1932 426 2001 rumque
445 1913 639 1979 diversarum
660 1912 851 1978 narrationes
871 1914 956 1978 fama
974 1914 1129 2002 majorum
1145 1911 1288 2000 acceptas
1301 1914 1335 1980 in

290 2021 392 2064 unum
412 1999 496 2064 diem
517 1998 693 2073 inclusisse;
716 1999 825 2086 itaque
843 1999 1044 2064 historiarum
1068 1999 1143 2064 fidei
1164 1999 1336 2066 detraxisse

289 2105 354 2150 non
375 2085 385 2149 i
424 2086 450 2152 is
469 2108 576 2151 rerum
597 2085 789 2164 commentia,
810 2087 865 2152 sed
885 2085 1078 2150 diversorum
1100 2084 1223 2153 dierum
1245 2086 1336 2152 factis

290 2192 355 2235 uno
402 2171 673 2259 eoomprehensis.
718 2173 791 2237 Hac
812 2184 917 2236 tamen
938 2172 1057 2236 ratione
1077 2183 1189 2259 poetae
1211 2193 1266 2235 seu
1287 2171 1335 2236 in-

289 2258 383 2408 genio
403 2282 459 2322 seu
476 2258 597 2347 judicio
618 2281 673 2322 seu
694 2257 768 2322 fidei
785 2281 899 2346 parum
917 2257 1095 2323 consultum
1117 2280 1183 2322 esse
1196 2257 1334 2322 videtur.

319 2343 506 2409 robabiliora
523 2345 651 2423 diceres,
667 2343 692 2410 si
712 2344 966 2410 discursationem
986 2344 1077 2408 istam
1096 2343 1262 2430 utriusque
1281 2367 1334 2408 ex-

287 2428 403 2518 ercitus
417 2453 474 2518 per
488 2444 611 2496 tantum
626 2431 708 2495 inter
722 2432 833 2496 urbem
848 2441 880 2494 et
893 2445 994 2496 castra
1011 2429 1210 2494 intervallum
1230 2452 1334 2494 emen-

288 2536 338 2580 sos
352 2539 419 2582 esse
433 2539 489 2582 nec
509 2526 590 2582 totos
608 2518 763 2582 exercitus
783 2539 840 2582 nec
860 2515 1059 2581 intervallum
1080 2515 1258 2603 integrum
1282 2540 1334 2582 va-

287 2621 360 2664 rum
376 2602 571 2700 procurrisse
593 2603 753 2688 utrinque,
767 2615 803 2666 ut
821 2603 869 2681 tit,
884 2614 1004 2666 turmas
1024 2601 1208 2666 instantium
1229 2614 1262 2666 et
1282 2603 1333 2667 fu-

287 2685 451 2772 gientium,
470 2711 581 2775 pugna
599 2687 693 2752 latius
715 2711 831 2776 sparsa,
851 2710 954 2775 neque
974 2701 1129 2752 extremos
1143 2687 1282 2752 locorum
1297 2690 1333 2754 fi-

205 2821 210 2825 .
286 2794 353 2852 nes,
369 2773 442 2839 inde
456 2775 567 2838 urbem
581 2773 654 2838 hinc
668 2787 769 2838 castra
782 2785 890 2840 exacte
909 2785 1081 2861 utrumque
1100 2773 1272 2839 exercitum
1286 2788 1332 2840 at-

286 2857 411 2946 tigisse;
436 2861 491 2926 sed
511 2859 615 2926 locum
634 2860 784 2947 utrinque
804 2859 943 2924 medium
957 2882 977 2924 a
989 2872 1083 2947 poeta
1103 2859 1149 2923 ita
1168 2859 1330 2940 declarari,

284 2956 324 3008 ut
337 2958 491 3010 extremas
505 2959 610 3034 partes
623 2959 794 3034 nuncupet.
822 2949 1074 3011 Commemorata
1087 2956 1162 3010 sunt
1174 2944 1246 3024 alia,
1262 2947 1331 3032 qui·

285 3029 346 3096 hus
360 3046 542 3097 occurratur
553 3033 603 3111 iis,
615 3045 696 3120 quae
709 3032 766 3098 has
780 3032 1028 3120 procursationes
1042 3044 1074 3096 et
1087 3031 1180 3118 fugas
1194 3054 1216 3095 a
1228 3054 1331 3119 repre-

284 3114 433 3181 hensione
447 3117 624 3215 vindicent;
643 3141 723 3204 quas
735 3118 769 3183 ia
784 3116 932 3205 scriptore
945 3117 1145 3182 historiarum
1159 3117 1254 3182 fidem
1269 3141 1331 3183 sera

284 3214 379 3266 vante
397 3203 554 3289 praeclare
568 3203 653 3267 dicta
693 3205 808 3279 utab03
832 3203 874 3267 ad
892 3215 1018 3291 poetam
1037 3215 1142 3266 tamen
1161 3202 1330 3269 defenden-

284 3286 363 3352 dum
381 3288 551 3354 necessaria
570 3289 658 3355 haud
670 3227 820 3365 habeb03
843 3311 916 3353 cum
929 3287 981 3354 ille
994 3309 1059 3355 non
1076 3287 1187 3354 iisdem
1205 3288 1329 3377 legibus

282 3371 322 3438 sit
337 3374 517 3460 arguendus
531 3387 563 3438 et
577 3374 771 3440 ‘udicandus

329 3461 479 3547 Superest
498 3399 586 3526 aliud
601 3460 768 3548 judicium,
788 3460 839 3527 cui
857 3461 1002 3549 equidem
1019 3461 1092 3550 plus
1105 3463 1287 3541 tribuerem,
1303 3461 1328 3528 si

283 3543 368 3614 ultra
381 3545 587 3645 suspicionem
601 3559 633 3612 et
646 3547 901 3634 conjectationem
915 3571 1076 3636 assurgere
1090 3571 1222 3636 possem.
1264 3549 1329 3614 Sci-

282 3629 354 3696 licet
372 3631 439 3696 lien
456 3632 605 3720 potuisse,
627 3645 674 3712 ut,
689 3657 762 3698 cum
783 3634 877 3723 plura
896 3633 1033 3700 carnuna
1053 3633 1222 3722 singularia
1241 3647 1328 3700 exta·

282 3729 364 3797 rent,
379 3740 515 3804 quorum
536 3731 722 3806 argumenta
742 3731 845 3785 essent
864 3742 990 3806 pugnae
1006 3718 1048 3784 ad
1063 3722 1195 3808 Trojam
1213 3720 1325 3800 factae,

279 3803 409 3868 cumin
431 3802 492 3869 alio
509 3806 742 3904 Agamemnon,
760 3806 793 3871 in
815 3804 876 3871 alio
893 3806 993 3892 Ajaa,
1011 3806 1046 3870 in
1063 3805 1124 3872 alio
1143 3808 1276 3887 Hector,
1291 3807 1324 3872 in

279 3889 344 3955 alio
358 3889 533 3970 Patroclus,
547 3915 581 3956 m
591 3891 656 3955 alio
664 3892 856 3979 τειχομαχία,
871 3914 1024 3968 summam
1038 3915 1145 3957 rerum
1158 3893 1325 3958 comtitue-

281 3989 340 4056 ret,
356 3975 484 4041 collecta
497 3999 535 4041 ea
548 3989 580 4042 et
593 3991 809 4065 coagmentata
826 3977 965 4042 essehoc
979 4001 1044 4043 uno
1057 3978 1204 4045 carmine.
1249 3980 1325 4044 Pot-

279 4075 330 4127 est
344 4085 418 4127 sane
431 4061 474 4128 sic
488 4061 659 4128 multarum
676 4086 782 4128 rerum
804 4063 884 4129 ratio
904 4063 1007 4144 reddi,
1028 4063 1169 4151 inprimis
1191 4063 1322 4130 aliarum
1351 4103 1357 4110 ·

279 4147 497 4236 discrepantia,
508 4149 639 4214 aliarum
652 4149 786 4230 iteratio,
798 4162 855 4214 aut
867 4148 994 4214 defendi
1008 4162 1064 4214 aut
1077 4150 1228 4214 excusari.
1251 4153 1324 4228 Qua

278 4245 385 4387 {amsa
395 4257 433 4388 ld
441 4248 607 4324 negantem
617 4259 654 4303 ac
663 4247 857 4302 recusantem
871 4234 904 4300 in
918 4247 1023 4324 partes
1034 4258 1118 4310 meas
1131 4235 1324 4326 pertraham,

300 4340 342 4389 au
379 4342 410 4386 vt
433 4344 478 4394 ao·
