3026 5056
309 373 353 440 72
669 366 922 440 EXCURSUS
945 368 994 433 11.
1065 373 1089 427 .‘

310 543 423 621 θιὶυιι,
438 562 518 642 quas
536 565 576 612 ex
598 541 827 630 antiquioribus
848 553 1010 611 mutilatas
1030 561 1097 605 osse
1119 537 1285 627 probabile
1306 531 1362 616 uri

312 630 356 695 sio
370 629 410 695 de
429 629 489 694 diis
507 627 549 694 ad
562 629 737 718 Aethiopes
755 628 904 718 profectis
924 627 964 692 11.
981 632 1017 691 Α.
1035 629 1099 691 433
1114 649 1160 719 sq.
1184 624 1261 690 item
1276 647 1360 705 eum,

313 715 371 804 qui
384 715 490 802 aliqua
503 739 538 781 re
551 715 685 796 excellit,
700 717 847 782 edoctum
862 737 928 780 esse
942 737 962 780 a
976 714 1036 779 deo
1049 713 1175 800 aliquo:
1198 735 1265 777 esse
1279 712 1362 776 viros

311 814 504 892 praestantes
518 825 557 866 ex
572 801 631 867 diis
646 816 743 868 natos.
788 801 955 868 Dederunt
973 824 1011 865 ea
1026 800 1132 864 locum
1149 798 1238 864 novis
1257 821 1363 864 narra·

316 889 454 954 tionibus
468 889 509 954 de
523 889 681 955 amoribus
696 889 827 954 deorum
842 888 1036 974 dearumque
1047 901 1079 952 et
1093 885 1273 950 mortalium
1284 885 1364 952 viro-

316 999 389 1040 rum
403 975 672 1062 feminarumque3
698 976 754 1063 qui
773 974 906 1040 enarrari
926 986 1016 1039 eraut
1075 972 1228 1037 tissimum
1248 972 1281 1036 in
1299 995 1366 1036 car-

315 1062 400 1128 mine
414 1070 468 1128 τῶν
482 1071 568 1142 ῆιιῶν.
613 1064 667 1127 Ex
681 1062 792 1128 iisdem
814 1061 879 1126 auti
902 1061 952 1125 uis
971 1083 1004 1124 m
1062 1059 1089 1122 is
1103 1072 1136 1124 et
1149 1059 1289 1148 mythioo
1304 1081 1366 1123 ser-

317 1171 411 1215 mone
432 1149 474 1214 ad
496 1163 604 1236 poetas
627 1161 795 1214 manarunt
819 1085 959 1235 epitieta
979 1083 1034 1210 'ul
1058 1145 1198 1232 antiqua,
1223 1145 1365 1234 inprimis

319 1234 462 1314 deorum,
478 1257 615 1321 quorum
635 1258 710 1300 vera
727 1235 775 1299 vis
794 1257 830 1298 so
851 1233 948 1314 notio,
971 1255 1036 1298 una
1056 1253 1129 1296 cum
1150 1255 1226 1297 vero
1247 1243 1365 1322 etymo,

319 1343 376 1386 nos
390 1320 513 1409 plerum
536 1344 577 1386 ue
590 1321 686 1408 fugit,
703 1335 739 1386 ut
754 1321 903 1386 Minerva
918 1319 1074 1395 Tritonia,
1087 1319 1268 1384 Mercurius
1282 1321 1366 1386 Aca-

319 1419 412 1487 setes,
420 1407 527 1495 Argip
549 1419 649 1487 ontes,
659 1407 789 1497 Jupiter
797 1406 1036 1494 AegioohusA
1078 1404 1368 1486 llo<l>oif305‚Hades

319 1493 480 1580 νυλίιρτηςς
507 1493 614 1580 sioque
641 1493 709 1558 alia
756 1496 840 1560 Cum
865 1505 976 1584 poetae
1068 1515 1176 1556 sensus
1202 1491 1366 1558 oculorum

318 1579 473 1668 quicquid
487 1579 654 1646 nommenti
668 1594 780 1661 essent,
795 1593 988 1658 revocarent,
1003 1579 1191 1645 constitutae
1210 1591 1285 1644 sunt
1303 1601 1368 1644 ma-
1500 1621 1501 1624 =

320 1679 393 1732 ture
407 1679 509 1732 certae
527 1667 659 1730 deorum
677 1668 808 1746 formae,
823 1678 950 1746 aetates,
967 1667 1094 1755 species,
1110 1665 1280 1742 attributa3
1304 1687 1369 1729 ma-

321 1753 399 1818 teria
412 1765 523 1841 parata
535 1751 584 1831 iis,
598 1751 654 1840 qui
669 1753 759 1841 signo
771 1755 903 1819 deorum
918 1753 1147 1841 exprimerent;
1171 1775 1271 1840 eaque
1284 1763 1369 1840 post-

321 1861 359 1903 ea
372 1839 454 1904 inter
467 1838 583 1913 artium
605 1851 637 1904 et
658 1839 829 1927 elegantiae
842 1840 1033 1906 incrementa
1052 1838 1195 1938 ingeniis,
1211 1862 1294 1926 quae
1307 1839 1369 1916 lor-

322 1947 406 1990 mnm
421 1925 553 1989 deorum
563 1925 605 1989 sd
614 1926 734 1991 formae
744 1926 877 2015 alicujus
890 1925 1171 2014 praestantissimas
1180 1938 1285 1990 mente
1296 1947 1368 1990 oon·

323 2022 432 2098 ceptae
442 2011 575 2099 speciem
585 2011 768 2100 effingerent
801 2013 935 2078 raeolare
947 2013 1099 2078 inserviit:
1115 2012 1159 2078 sic
1169 2011 1368 2099 βιῶπιιἯρῆ.

323 2095 588 2186 λιιινιῶλνιυςἯρῆ.
610 2100 719 2178 Ἀθῆνῆ,
736 2125 816 2186 κιυρη
832 2101 910 2179 Διὸς,
926 2108 1102 2185 γλαυκῶπις,
1117 2097 1244 2182 ῆθιιυμις.
1268 2101 1368 2186 ’Appo-
1500 2165 1501 2180 φ

323 2181 392 2262 blm,
415 2183 537 2270 θυγάτηρ
553 2186 629 2264 Asis,
645 2187 833 2270 φιλιριμιιδῆς.
876 2186 1022 2273 Ἐρμθυς,
1042 2188 1109 2261 Διθς
1129 2185 1194 2266 viis,
1212 2184 1365 2272 διάκτορος,
1500 2203 1501 2235 l

319 2268 509 2358 χρυιιθφριιπνς
523 2282 556 2335 et
568 2270 607 2335 al.

648 2464 946 2538 EXOURSUS
981 2467 1036 2539 ΙΙ.

434 2647 436 2650 .
522 2582 577 2648 De
591 2602 619 2668 φι
632 2585 824 2671 paragogico
838 2607 890 2652 seo
903 2586 1012 2670 iofioe
1025 2589 1157 2676 adjecto.

364 2697 405 2758 Θ.
421 2695 495 2760 300.
518 2696 573 2758 ἀπὸ
596 2699 714 2782 νευρῆφιν
735 2693 830 2762 1ιὐιλλι.
876 2691 1041 2785 Frequens
1062 2712 1109 2764 est
1130 2698 1164 2762 in
1188 2697 1366 2764 Homericis
1500 2727 1501 2742 ν

321 2799 398 2852 usus
410 2787 460 2844 τοῦ
474 2799 503 2860 φι
517 2779 551 2845 in
565 2781 628 2846 fine
641 2779 815 2862 nominum,
831 2782 863 2849 vi
879 2796 982 2850 tamen
997 2797 1029 2850 et
1043 2785 1219 2872 significatu
1233 2785 1277 2849 nil
1294 2809 1365 2850 nru-

321 2878 396 2938 tato.
427 2866 561 2937 Videtur
574 2867 633 2934 hoc
648 2885 676 2951 φι
692 2881 797 2934 ortum
812 2893 878 2936 esse
892 2893 931 2936 ex
945 2871 1121 2959 antiquiore
1134 2895 1196 2938 usu
1209 2879 1258 2938 τοῦ
1272 2891 1365 2956 σφισι,

321 2951 372 3018 vel
389 2971 450 3032 σφι,
467 2954 565 3024 otiose
584 2953 770 3043 interpositi,
791 2968 829 3024 ut
848 2955 926 3022 solet
943 2984 1002 3041 pas,
1017 2984 1061 3022 σοι
1076 2971 1108 3024 et
1122 2965 1146 3024 ol
1160 2961 1278 3023 sabare.
1294 2983 1324 3023 v·
1337 2982 1364 3026 c.

322 3044 357 3112 E.
374 3041 447 3112 249.
464 3043 527 3105 250
540 3040 609 3121 μηδέ
621 3067 669 3124 μοι
685 3040 755 3109 otro
769 3043 825 3107 θῦνε
838 3045 885 3110 θινὶ
899 3045 1065 3130 προμάχων.
1109 3046 1181 3110 Aut
1195 3045 1363 3110 dicendum

320 3137 368 3198 est
382 3139 492 3190 uatum
507 3125 587 3190 illud
602 3150 666 3190 esse
681 3150 721 3194 ex
731 3141 835 3192 vetere
850 3152 911 3194 usu
926 3137 974 3194 τοῦ
989 3135 1017 3194 fs
1031 3130 1065 3194 in
1079 3131 1142 3195 fine
1155 3131 1279 3212 od'eoti,
1292 3153 1365 3198 oum

321 3225 401 3279 esset
423 3217 537 3299 ssoqus.
560 3215 700 3290 omissis.
724 3214 805 3278 oonf.
829 3214 870 3280 de
890 3215 940 3280 his
963 3215 1158 3302 Slothouwer
1179 3155 1316 3306 ‹leorig
1333 3231 1365 3284 et

320 3297 437 3364 caussis
450 3319 580 3362 casuum
593 3322 625 3387 p.
639 3301 711 3366 101.
757 3300 917 3400 Quioquid
938 3315 995 3380 est,
1018 3325 1112 3368 usum
1133 3311 1182 3369 τοῦ
1200 3324 1230 3388 φι
1248 3303 1282 3369 in
1303 3307 1364 3370 fine

320 3383 483 3456 nominum
502 3384 616 3472 passim
637 3386 828 3474 reperimus3
852 3387 1011 3455 interdum
1026 3390 1120 3455 etium
1138 3413 1262 3472 nomen,
1278 3392 1365 3480 quod

319 3488 349 3552 φι
364 3470 522 3558 adjectum
536 3471 641 3551 habet,
653 3471 735 3538 inter
747 3473 1007 3561 praepositionem
1021 3490 1054 3542 et
1064 3480 1196 3544 verbum
1211 3491 1259 3544 est
1270 3479 1365 3544 inter·

314 3556 448 3644 jectum,
467 3571 504 3622 ut
525 3557 558 3624 in
577 3582 625 3638 eo,
642 3559 729 3645 quod
744 3582 840 3648 supra
860 3560 1030 3649 apponitur
1051 3566 1107 3629 ἀπὸ
1129 3571 1248 3650 νευρῆφιν
1269 3563 1364 3630 lunas.

321 3643 417 3722 Quod
438 3643 599 3732 negotium
621 3647 763 3726 facessat,
783 3659 832 3715 est
849 3659 973 3714 tontum
988 3648 1060 3730 hoo,
1076 3663 1113 3717 ut
1125 3651 1286 3733 doceatis,
1301 3675 1367 3742 quo

320 3753 394 3796 casu
409 3752 523 3795 nomen
537 3731 617 3796 illud
630 3733 768 3820 positum
783 3733 882 3800 videri
890 3734 1018 3810 debeat.

310 3877 313 3884 ,
364 3817 518 3886 scribitur
532 3823 636 3906 νευρῆφι
652 3831 684 3884 et
700 3826 812 3908 νευρῆφι.
859 3821 894 3886 Si
938 3822 1004 3889 rius
1023 3823 1196 3910 sequimur,
1233 3839 1369 3890 unctura

319 3901 450 3968 molesta
468 3917 515 3970 est
534 3908 624 3969 iliosis
643 3907 778 3986 ἀπίαλλι,
798 3909 871 3990 (σὺν,
887 3843 1031 3997 ἐνῆνενρῆ,
1046 3909 1079 3974 h.
1090 3933 1119 3975 e.
1135 3913 1192 3990 tau,
1213 3847 1245 3975 θυι
1265 3918 1365 3998 νευρῆς.

319 3987 376 4058 Sin
390 4013 462 4055 oum
477 3991 532 4056 ἀπὸ
546 3990 704 4078 jungitur,
720 3993 890 4062 dicendum
905 3994 964 4060 erit
978 4001 1098 4081 νευρῆφιν
1113 4019 1178 4062 esse
1196 4019 1256 4088 pro
1276 4004 1366 4086 νευρῆ-

316 4093 380 4159 νθι,
392 4079 446 4148 oiri
460 4083 548 4163 νευρῆς
562 4075 660 4141 ἴαλλεν
674 4079 775 4144 θίστθν.
797 4083 910 4168 Atque
920 4081 997 4180 liaeo
1007 4096 1039 4147 et
1051 4082 1222 4171 scripturae
1233 4083 1367 4149 varietas
1500 4125 1501 4140 ι

316 4174 349 4236 et
363 4163 482 4252 duplex
496 4162 710 4250 expediendae
724 4165 769 4228 rei
783 4167 863 4234 ratio
877 4190 899 4231 u
956 4191 996 4234 ue
1010 4170 1157 4249 occurrit,
1168 4177 1244 4233 oum
1257 4170 1290 4233 in
1305 4196 1366 4234 νευ-

315 4253 378 4335 ρῆφι
405 4265 442 4316 ut
455 4256 493 4318 u.
509 4251 583 4316 113.
600 4256 640 4314 Π.
654 4252 730 4318 773.
746 4254 786 4316 Ο.
803 4255 867 4317 313
882 4267 914 4318 et
959 4303 966 4318 .
984 4270 1053 4321 tum
1067 4255 1100 4319 in
1115 4255 1279 4336 similibus,
1295 4279 1324 4319 v.
1339 4279 1364 4320 o.

314 4337 360 4400 τὸν
374 4298 397 4400 θ’
413 4341 445 4418 ἐξ
458 4341 545 4424 εὐνῆφι
562 4337 672 4426 θνρθντιι
689 4335 728 4402 11.
745 4341 785 4404 Θ.
801 4341 875 4408 580.
898 4338 992 4428 ὄρνυτ’
1013 4341 1058 4429 ἄρ’
1077 4347 1110 4423 ἔξ
1130 4347 1234 4431 εὐνῆφιν
1250 4343 1315 4410 οί1.
1329 4347 1365 4408 Β.
