2998 5052
325 373 391 438 884
704 374 997 440 HERMANNI

324 569 435 646 posse:
448 569 533 610 'nem
556 545 822 700 dedpermsnente
847 559 932 612 statu
957 566 1059 612 sermo
1079 556 1138 643 est,
1161 543 1254 610 cu'us
1279 555 1378 611 status
1485 581 1486 606 ι

329 632 520 701 contrarium
535 632 602 704 obi
636 633 742 721 ipsum
756 656 820 700 non
839 646 888 700 est
905 655 1004 722 pravo
1017 631 1107 696 verbi
1127 653 1161 695 m
1203 629 1379 696 oint'ereu-

331 720 420 800 dum,
435 719 511 807 quio
530 717 573 784 sic
596 719 622 784 is
645 733 744 786 status
766 719 945 786 tolleretur:
969 742 1026 791 nec
1049 717 1184 784 Latinus
1207 739 1311 782 sermo
1329 715 1379 786 hic

330 805 568 893 conjunctivum
582 806 671 872 ferat.
718 807 838 873 Contra
859 807 892 870 in
910 805 1012 872 altero
1025 803 1180 892 exemplo,
1196 803 1283 870 utin
1298 825 1381 870 com·

331 893 553 958 memoratione
573 891 648 958 facti
670 891 847 980 singularis,
867 892 956 992 quod
974 914 1037 962 non
1057 913 1178 978 semper
1196 903 1312 974 exstet,
1328 887 1382 956 sed

329 977 500 1067 aliquando
525 979 658 1060 eveniat,
683 993 767 1044 recte
792 993 898 1067 p0su1t
922 977 1169 1066 conjunctivum.
1221 976 1381 1046 Eandem

330 1067 371 1131 ob
393 1089 532 1134 caussam
555 1066 589 1130 in
610 1065 713 1154 priore
727 1065 796 1130 loco
809 1065 902 1154 posui
918 1069 1020 1153 ἑστήκῃ
1042 1087 1101 1152 pro
1115 1065 1236 1144 ἑστήκει,
1251 1062 1381 1152 quodu'

331 1175 477 1240 praesens
497 1151 585 1217 verbi
603 1156 711 1231 ἑστήκω
733 1165 823 1231 esset,
842 1153 916 1217 ferri
939 1164 1061 1239 posset:
1086 1149 1141 1214 sed
1162 1172 1227 1214 non
1249 1162 1298 1214 est
1319 1149 1381 1214 ito:

331 1262 430 1326 quare
454 1237 487 1304 in
513 1239 749 1326 conjunctivum
775 1252 916 1304 mutetur
933 1261 1063 1304 'neeesse
1087 1249 1143 1302 est.
1197 1236 1381 1314 Fortuitum

330 1324 414 1390 enim
429 1339 487 1406 est,
502 1326 598 1391 statui
612 1325 798 1396 columnam.
846 1326 897 1394 Sic
916 1325 1010 1394 etium
1026 1323 1086 1392 Od.
1099 1329 1138 1388 X.
1156 1321 1229 1388 468.
1245 1323 1382 1390 scriben-

331 1411 421 1492 dum,
438 1414 471 1488 νῖς
488 1415 508 1476 δ’
524 1412 560 1478 ὄπ’
577 1411 640 1492 civi
657 1413 762 1500 κῖχλαι
780 1412 986 1499 τανυσίπτεροι,
1002 1413 1030 1491 ἠδ
1045 1410 1153 1476 πύλειαι
1176 1409 1247 1497 ἕρκει
1270 1410 1382 1492 ἐνιπλή-

332 1501 415 1578 ξωσι,
430 1499 463 1564 τύ
477 1500 497 1563 θ’
513 1499 614 1590 ἑστήκῃ
630 1501 666 1564 {vt
683 1502 792 1584 δύμνωτ
818 1499 873 1566 ubi
892 1499 976 1564 bona
996 1496 1138 1579 lectione,
1161 1517 1259 1583 quam
1280 1494 1383 1583 prima

331 1607 444 1652 manus
468 1585 501 1650 in
522 1585 590 1652 cod.
615 1585 707 1652 Harl.
731 1563 892 1665 offerebat,
920 1584 966 1653 uti
988 1581 1127 1650 nesciens
1150 1585 1323 1664 Porsonus,
1350 1581 1382 1648 in

331 1693 482 1760 magnum
505 1695 641 1738 errorem
662 1671 791 1739 incidit..
826 1671 1013 1760 Eodemque
1027 1669 1122 1736 modo
1138 1668 1177 1734 Il.
1194 1675 1232 1734 Δ.
1249 1671 1323 1734 482.
1340 1673 1383 1750 αἶς

281 1805 287 1812 -
331 1759 422 1845 γειρδς
437 1755 482 1839 ν’ἴς,
498 1759 564 1846 {spi
579 1760 603 1824 τ’
620 1763 646 1823 ἐν
662 1764 770 1858 εἴαμενῇ
789 1757 863 1858 ὄλεος
877 1759 1016 1844 μεγάλοιο
1038 1757 1144 1844 πεφύκῃ
1167 1754 1381 1836 scribendum,
1486 1813 1487 1820 ³

331 1865 395 1908 non
409 1845 532 1928 πεφύκει.
549 1931 556 1944 ι
578 1845 761 1944 Imperfectr
778 1869 876 1944 terum,
892 1843 1042 1944 quodque
1062 1842 1172 1908 eodem
1186 1841 1281 1926 redit,
1289 1841 1382 1992 plus-

331 1930 560 2027 qupmperfectr
581 1955 657 1998 usus
678 1955 711 1997 m
733 1931 848 1998 talibus
862 1931 938 1996 locis
951 1931 1043 2031 plone
1057 1941 1276 1996 monstruosus

331 2031 847 2192 ttt'tiuttttt'ssttttffit}
868 2031 1125 2192 ι’ξῗόιῖῗιόῗ
1137 2015 1381 2168 siffi‘tt

332 2192 369 2252 Λ.
387 2189 459 2257 474.
476 2189 544 2254 νῖσεῖ
559 2216 588 2254 τε
602 2192 719 2272 δαφοινοὶ
739 2193 801 2266 θῶες
821 2189 928 2274 ὄρεσφιν
950 2190 1019 2273 ἀμφ’
1035 2189 1136 2271 ἔλαφον
1158 2190 1256 2275 κεραὸν
1270 2192 1381 2270 βεβλη-

331 2275 422 2358 μένον,
440 2273 466 2339 ὄν
483 2278 507 2339 τ’
523 2275 605 2358 ἔβαλ’
621 2281 688 2365 ἀνὴρ
711 2282 741 2364 ἰῷ
763 2277 817 2344 est
840 2282 939 2365 νευρῆς·
961 2279 1008 2340 τδν
1029 2275 1079 2360 μέν
1100 2277 1125 2338 τ’
1148 2274 1233 2354 ἤλυξε
1253 2273 1383 2341 πόδεσσιν

333 2361 452 2510 φφύγονν,
467 2361 525 2450 ὄφρ’
541 2363 614 2461 αἴμα
629 2366 733 2449 λιαρδν,
751 2365 798 2427 καῖ
813 2363 925 2448 γούνατ’
941 2362 1037 2461 ὄρύνρῃ,
1053 2359 1145 2430 scribi
1161 2359 1258 2447 jubet
1280 2362 1381 2448 ὄρόνρει.

366 2471 457 2547 empe
479 2463 683 2536 praetentum
706 2449 906 2539 praecessisse
927 2449 1015 2528 οἴνοιο,
1032 2447 1116 2514 unde
1138 2470 1202 2519 non
1224 2471 1291 2514 esse
1310 2470 1383 2514 con-

327 2533 474 2620 junctivo
494 2535 608 2600 locum.
632 2539 724 2601 Itane
746 2541 843 2600 vero?
867 2537 982 2614 Immo,
1007 2549 1043 2599 ut
1066 2556 1162 2622 supra
1183 2533 1384 2621 observatum

329 2637 387 2698 cst,
417 2620 763 2709 incomparanonibus
790 2622 909 2710 ubique
937 2621 1141 2710 praeteritum
1172 2633 1205 2686 et
1233 2643 1380 2709 praesens

331 2706 582 2787 commiscentur,
597 2709 694 2798 idque
712 2709 746 2774 in
790 2709 876 2774 rimis
895 2707 928 2774 in
948 2709 1009 2774 fine
1023 2706 1192 2773 indicando
1205 2705 1310 2774 locum
1324 2707 1382 2772 hs

332 2791 394 2858 bet.
420 2791 471 2858 Sic
485 2793 528 2858 Il.
542 2800 579 2862 Δ
592 2797 665 2860 485.
680 2796 712 2860 in
788 2819 849 2876 em,
858 2794 949 2883 cujus
966 2793 1075 2882 paullo
1083 2807 1157 2861 ante
1171 2793 1291 2860 mentio
1301 2795 1385 2860 facta

332 2893 390 2959 est,
413 2881 655 2990 comparatione,
678 2887 726 2961 τὴν
747 2883 798 2968 μύν
820 2884 840 2946 θ’
863 2880 1061 2968 ἁρματοπηγός
1081 2885 1148 2968 ἀνὴρ
1169 2879 1263 2945 αἴθωνι
1284 2881 1384 2968 σιδόρορ

333 2964 457 3050 ἐξέταμ’,
481 2985 551 3052 οφρα
576 2967 634 3032 ἴτυν
654 2968 756 3057 κάμψῃ
779 2971 944 3056 σερικαλλύί
965 2967 1057 3055 δῖφριρ.
1089 2972 1127 3032 Ε.
1142 2969 1217 3032 582.
1241 2965 1383 3054 νεφέλῃσιν

332 3052 460 3132 ἐοικότες,
475 3051 507 3128 ἅς
522 3059 595 3118 τεΚ
616 3053 691 3120 ονῖοον
713 3055 833 3138 νηνεμίης
855 3055 968 3122 ἔστησεν
991 3057 1031 3119 ἐπ’
1054 3055 1251 3140 ἀκροπόλοισιν
1273 3052 1381 3142 ὄρεσσιν

334 3139 469 3223 ἀτρέμας,
497 3139 554 3224 ὄφρ’
574 3081 664 3229 :cipri
691 3141 770 3223 μένος
797 3141 900 3228 Βορέαο
924 3141 973 3206 καῖ
996 3138 1092 3204 ἄλλων
1114 3143 1244 3226 ζαχρειῶν
1266 3141 1383 3224 ἀνέρων.

332 3223 520 3311 Optativum
532 3225 578 3291 ibi
592 3240 715 3292 tantum
730 3227 791 3292 hoc
804 3250 904 3315 genus
923 3225 1192 3292 constructionum
1205 3225 1240 3292 in
1254 3249 1383 3314 comps·

333 3308 507 3375 rationibus
526 3311 634 3391 habet,
649 3314 706 3378 ubi
719 3313 760 3380 de
774 3337 808 3381 re
823 3337 860 3378 eo
873 3313 936 3380 fine
955 3327 1110 3402 suscepta,
1124 3325 1163 3376 ut
1184 3312 1265 3400 quid
1286 3311 1385 3400 possit

333 3393 411 3474 fleri,
434 3393 550 3484 egitur.
573 3399 610 3462 Σ.
633 3401 707 3463 321.
731 3399 771 3464 de
793 3399 882 3464 leone
905 3414 1028 3488 ereptos
1048 3399 1169 3466 catulos
1190 3413 1380 3486 quaerente:

333 3485 429 3545 πολλοὶ
445 3483 472 3546 δε’
487 3485 512 3546 τ’
526 3481 609 3571 ἄγκε’
626 3487 723 3563 ἐπῆλθε
736 3489 798 3566 μετ’
813 3486 905 3574 ἀνέρος
920 3485 987 3573 ἴχνι’
1003 3492 1124 3573 ἐρευνῶν,
1140 3483 1166 3547 εἴ
1176 3487 1255 3552 ποθεν
1270 3487 1382 3572 ἐξεύροι.

331 3567 377 3634 Et
397 3581 468 3655 post
489 3591 645 3658 praesens,
661 3586 699 3637 ut
719 3569 849 3659 quidem
870 3573 1021 3652 rhetores,
1041 3569 1215 3660 Dionysius
1237 3571 1382 3640 Halicar-

334 3654 487 3720 nonensis
511 3670 542 3722 et
567 3659 690 3724 Hermo
712 3681 797 3738 enee,
820 3657 978 3746 legebant.
1000 3665 1046 3724 M.
1059 3655 1141 3726 ’484
1166 3659 1184 3736 ἥ
1205 3683 1236 3721 τε
1260 3657 1385 3742 σταύμδν

371 3763 443 3804 ουσα
457 3742 506 3806 καῖ
522 3741 611 3831 εἴριον,
627 3735 712 3828 ἇμφις
727 3745 837 3812 ὄινύλκει
853 3746 989 3828 ἰσάζουσ,
1004 3745 1048 3810 ἴνα
1063 3745 1159 3810 ταισῖν
1174 3743 1273 3808 ἀεικέα
1286 3744 1383 3828 μισόδν

330 3849 436 3914 αςοιτο,
451 3826 555 3895 nescio
569 3852 610 3893 sn
624 3845 718 3897 reete.
755 3831 817 3898 Sed
832 3855 871 3896 ex
886 3829 994 3898 eadem
1009 3827 1226 3898 observatione
1240 3842 1384 3922 apparet,

330 3911 415 3977 recte
438 3911 583 3983 Ixionem
606 3916 666 3980 Od.
684 3925 722 3982 E.
739 3921 812 3984 488.
827 3916 955 4004 legisse:
980 3921 1015 3992 οἴς
1030 3919 1051 3980 δ’
1068 3915 1111 3982 ὄτε
1125 3943 1167 3990 τις
1187 3919 1270 3982 δαλδν
1286 3919 1383 4002 σποδιῇ

331 3996 462 4082 ἐνέκρυψε
475 4001 603 4090 μελαῖνῃ,
619 4009 707 4089 ἀγροῦ
723 4007 763 4068 ἐπ’
780 4008 927 4090 ἐσχατιῆς,
949 4001 972 4091 ᾧ
989 4009 1028 4090 μὴ
1047 4004 1126 4088 πάρα
1147 4001 1267 4090 γεῖτονες
1282 4001 1382 4088 ἄλλοι,

329 4083 445 4170 σπέρμα
458 4090 539 4174 πυρὸς
554 4088 660 4170 σύζευν,
676 4089 721 4152 ἴνα
734 4091 773 4169 μή
788 4093 865 4154 ποθεν
879 4087 995 4154 ἄλλοθεν
1010 4087 1073 4177 αύγ,
1088 4112 1153 4154 non
1174 4085 1245 4154 αύοι.
1291 4085 1385 4153 Simi-

328 4168 371 4234 lia
385 4169 457 4236 vide
469 4171 503 4236 in
519 4174 677 4262 superiore
691 4173 906 4262 dissertatione
920 4200 952 4264 p.
970 4168 1057 4242 XII.
1074 4199 1136 4263 seq.
1183 4175 1236 4240 Ito
1249 4175 1384 4262 conjun-

327 4254 447 4322 ctivum
470 4261 637 4346 praeterito
654 4262 804 4348 junctum
826 4261 932 4326 videas
953 4261 992 4327 11.
1009 4269 1049 4328 H.
1065 4266 1095 4328 5.
1119 4267 1160 4326 N.
1175 4259 1225 4328 64.
1249 4265 1287 4326 0.
1303 4257 1382 4332 368.

1303 1942 1382 2010 oret,
