2998 5052
311 390 375 458 226
660 389 911 456 EXCURSUS
935 388 1004 456 111.

311 587 385 632 nura
397 564 523 647 speciem
539 573 569 626 et
583 563 751 645 eaeauplum
765 559 897 650 effictus:
913 584 994 649 quae
1008 575 1113 626 tamen
1127 583 1201 625 cum
1215 559 1355 624 homines

311 675 376 721 non
397 662 510 729 essent,
532 671 650 714 novum
672 649 825 729 ordinem,
848 671 966 714 novum
1030 670 1091 712 nus
1115 647 1354 722 constituerunt,

225 793 226 798 ,
312 738 365 803 cui
384 739 506 803 deorum
526 758 639 800 nomen
657 735 793 800 inditum
810 749 875 810 est;
900 750 932 799 et
946 733 986 798 ab
1023 734 1050 802 is
1064 734 1165 808 omnis
1180 733 1278 798 serior
1291 756 1357 820 my-

313 823 453 910 thologia
466 847 502 888 ac
516 821 626 910 religio
638 821 766 888 fluxisse
780 822 879 889 videri
898 821 1000 887 debet.
1046 823 1100 887 Ita
1121 821 1218 886 omnis
1235 830 1355 896 notura,

315 911 470 988 clementa,
486 909 695 974 elernentorum
714 910 801 989 vires,
823 930 957 992 corporo,
977 911 1197 992 plmcnomcno,
1213 906 1356 972 siccato

315 998 411 1075 dines,
428 995 548 1083 (ficeta,
563 996 595 1059 in
606 1011 750 1079 personas
769 1006 889 1060 mutato
911 1006 990 1060 sunt.
1036 998 1120 1060 Cum
1134 1017 1230 1094 porro
1246 991 1363 1059 Graeci

310 1084 379 1171 jam
393 1095 494 1162 antea,
510 1082 637 1147 rudiore
651 1082 726 1162 vita,
743 1106 800 1147 sua
814 1082 926 1148 domus
941 1104 1097 1181 quaeque,
1109 1093 1214 1170 smps,
1230 1078 1357 1156 familia,

315 1193 428 1258 pagus,
454 1169 636 1234 habuissent
658 1169 798 1247 numina,
821 1191 995 1256 eorumque
1017 1191 1107 1257 signa
1130 1167 1223 1233 rudia
1249 1181 1282 1232 et
1306 1167 1359 1230 ob-

316 1279 418 1337 scura,
434 1278 472 1320 ne
484 1257 650 1321 nominibus
663 1257 783 1341 quidem
799 1256 928 1338 propriis
948 1257 1108 1341 insignito,
1123 1278 1253 1343 coepere
1276 1277 1359 1320 nunc

340 1342 535 1408 rudentiores
556 1341 644 1410 initio
659 1364 679 1407 o
693 1343 770 1407 Jove
788 1353 817 1404 et
832 1341 970 1424 Apolline
991 1343 1085 1421 lacto,
1105 1343 1273 1409 immittimus
1292 1339 1358 1404 illos

316 1366 392 1494 deos
406 1428 609 1518 distinguere,
624 1428 823 1527 physicisq'ue
844 1427 910 1492 istis
923 1428 1102 1495 notionibus
1117 1452 1155 1493 ea
1168 1428 1300 1493 numina
1313 1451 1359 1492 ac-

317 1515 534 1592 commodare3
559 1541 577 1582 a
614 1540 654 1580 ue
668 1529 712 1580 tta
726 1515 837 1581 sensim
853 1515 886 1580 in
900 1517 1070 1600 mystarum
1089 1518 1145 1582 hoc
1156 1537 1255 1602 genus
1270 1539 1302 1580 se
1316 1515 1361 1579 in-

317 1602 454 1668 sinuavit
477 1605 561 1670 rudis
577 1529 691 1702 ¹dliqua
715 1603 876 1686 sapientia,
923 1602 1083 1668 hantasiae
1107 1602 1358 1675 accommodata;

294 1691 416 1778 'idque
437 1690 539 1756 multo
564 1713 673 1778 magis,
698 1689 847 1776 quoniam
873 1626 951 1754 niliil
995 1690 1191 1756 referebatur
1215 1689 1277 1754 nisi
1299 1711 1362 1754 car-

318 1777 413 1856 mine,
428 1799 552 1842 carmen
566 1791 673 1858 autem
688 1798 751 1841 non
766 1777 827 1841 alio
841 1776 935 1842 modo
949 1713 1002 1841 ahi
1015 1800 1113 1864 quam
1130 1801 1169 1842 ax
1183 1775 1362 1842 recitatione
1403 1785 1405 1792 ’

319 1864 495 1952 acciperent
515 1864 655 1942 auribus,
668 1863 842 1940 ,recitatum
865 1876 969 1928 tamen
989 1887 1062 1931 curn
1083 1876 1175 1952 gestu
1189 1878 1223 1928 et
1236 1863 1361 1942 affectu,

319 1950 439 2028 afflatui
452 1949 559 2015 divino
572 1949 675 2030 simili,
689 1950 734 2028 ita
749 1961 785 2015 ut
797 1950 927 2016 recitata
940 1949 973 2014 in
988 1950 1190 2016 dramaticam
1210 1951 1362 2015 actionem

218 2111 222 2117 x
320 2045 525 2102 verterentur.
571 2037 738 2101 Habemus
758 2036 855 2124 igitur
876 2055 973 2122 genus
992 2039 1163 2124 scytharum
1183 2059 1317 2102 numero
1334 2049 1375 2100 etz

320 2122 510 2192 auctoritate
530 2123 662 2211 pollens,
684 2124 716 2187 in
741 2145 917 2208 quosaam
938 2125 1115 2210 symbolicas
1138 2146 1191 2190 scu
1216 2124 1376 2212 mytlsicus

320 2233 353 2274 re
419 2220 440 2273 t.
838 2271 841 2274 .

334 2361 337 2367 .
351 2232 450 2362 gilliam
464 2320 502 2361 ea
515 2308 600 2362 aetas
613 2296 755 2361 nondum
769 2297 899 2362 haberet
912 2296 1054 2362 notiones
1068 2298 1181 2362 ethicas
1195 2320 1305 2362 severa
1318 2321 1366 2361 co-

321 2383 472 2472 gitatione
491 2384 635 2450 subactas
649 2398 681 2448 et
695 2381 882 2471 exploratas,
899 2381 999 2448 datm
1012 2397 1118 2448 autem
1132 2405 1251 2448 sensum
1265 2383 1365 2448 multo

322 2470 426 2540 minus
447 2469 626 2536 excultum:
651 2492 714 2534 non
735 2463 932 2548 dubitarunt,
954 2493 1012 2558 per
1033 2470 1105 2549 iras,
1124 2471 1210 2550 odia,
1232 2470 1318 2535 bella
1336 2485 1367 2535 et

321 2556 440 2644 praeha
452 2557 596 2636 deorum,
610 2557 740 2622 reddere
755 2556 979 2632 elementorum
993 2557 1166 2636 conflictus,
1178 2557 1367 2622 adumbrare

322 2665 430 2716 rerum
443 2656 533 2708 ortus
586 2667 603 2707 1·
616 2643 859 2732 generationem,
875 2657 971 2731 atque
984 2644 1045 2709 hoc
1059 2644 1165 2709 modo-
1175 2645 1367 2710 narrationes

323 2728 517 2795 comminisci·
557 2753 575 2794 e
596 2730 728 2794 deorum
750 2729 913 2819 conjugiis,
928 2731 1093 2818 partubus,
1112 2731 1284 2810 amoribuS,
1305 2745 1368 2796 stu-

323 2815 407 2904 pris;
431 2840 496 2905 quo
509 2816 630 2882 factum
651 2829 698 2882 est
719 2830 756 2881 ut
777 2839 834 2916 per
855 2816 1019 2882 rudiorum
1040 2830 1177 2884 aetatum
1200 2819 1381 2883 decursum·

324 2902 534 2968 conderentur
553 2902 714 2992 religiosae
735 2903 896 2991 opiniones
915 2917 947 2968 et
964 2904 1044 2969 ritus
1064 2928 1115 2969 eas
1133 2905 1367 2985 adumbrantes,

324 3014 415 3078 quos,
428 3013 486 3078 per
496 2989 640 3056 instituta
651 3004 682 3055 et
695 2990 780 3078 leges
791 2991 948 3055 mentibus
959 2991 1082 3055 dudum
1093 2991 1135 3056 ad
1145 2991 1289 3058 meliores
1303 3016 1369 3058 sen-

325 3101 378 3142 sus
389 3089 421 3142 et
430 3075 552 3165 judicia
562 3076 716 3157 deductis,
728 3077 866 3166 optimus
876 3077 1010 3166 quisque
1021 3079 1191 3144 damnabat
1204 3092 1237 3143 et
1248 3102 1370 3144 aversa

324 3163 438 3238 batur3
463 3164 564 3228 multo
585 3164 695 3252 magis,
711 3187 751 3228 ex
766 3188 831 3251 quo
849 3163 958 3230 melior
976 3163 1175 3253 philosophia
1194 3166 1315 3230 animos
1330 3166 1371 3231 ad

325 3250 400 3314 boni
421 3249 561 3338 rectique
583 3273 707 3316 sensum
728 3251 959 3316 informaverat.
1004 3253 1094 3316 Haec
1120 3265 1194 3317 sunt
1214 3252 1372 3341 illa·quae

327 3335 428 3402 Plato
436 3359 475 3400 ex
489 3335 683 3403 institutione
698 3337 811 3426 puerili
825 3338 948 3404 sublata
961 3361 1026 3402 esse
1042 3338 1176 3418 volebat,
1188 3353 1220 3404 et
1234 3363 1316 3427 quae
1327 3363 1371 3406 ex

328 3445 385 3488 sua
398 3422 560 3510 republica
568 3424 643 3511 jure
657 3423 831 3512 meritoque
845 3424 1026 3513 proscripsit
1038 3425 1091 3489 lib.
1110 3427 1148 3491 II
1163 3427 1274 3513 plltt
1288 3451 1333 3515 sq.

371 3511 578 3576 Exornarunt
598 3510 656 3574 hos
678 3512 804 3599 mythos
824 3524 911 3577 vates
932 3525 964 3576 et
983 3513 1078 3591 ἀοιδοὶ,
1093 3513 1276 3600 repetendo,
1292 3516 1373 3579 vari-

327 3594 421 3676 ando,
443 3619 527 3662 nova
544 3597 816 3677 comminiscendo,
831 3598 923 3664 certis
944 3599 984 3664 de
1005 3598 1138 3664 consiliis
1160 3600 1324 3680 mutando,
1340 3616 1373 3667 et

327 3682 361 3748 in
375 3683 451 3748 alios
465 3707 541 3752 usus
556 3685 791 3760 transferendo;
815 3685 859 3749 ita
881 3685 993 3759 sensim
1014 3685 1134 3750 factum
1156 3700 1214 3766 est,
1229 3700 1277 3766 ut,
1294 3689 1374 3753 anti-

327 3769 438 3857 quiore
458 3792 490 3833 m
515 3770 641 3836 thorum
663 3784 777 3837 natura
798 3771 954 3836 et‘indole
975 3784 1107 3852 mutata,
1131 3772 1374 3841 substitueretur

327 3879 409 3922 nono
427 3867 492 3944 myt
566 3881 597 3922 m
609 3856 837 3946 sericamque
859 3859 978 3923 diverso
999 3881 1053 3923 nec
1074 3881 1143 3924 uno.
1190 3863 1275 3925 Cum
1290 3861 1374 3926 enim

325 3943 372 4008 illi
386 3956 488 4009 essent
506 3943 621 4032 partim
638 3944 788 4024 historici,
803 3944 918 4033 partim
937 3942 1144 4046 philosophici
1165 3946 1300 4036 generis,
1314 3972 1374 4037 pro

327 4030 460 4096 infantia
480 4055 553 4096 cum
570 4030 727 4112 historiae,
742 4045 811 4097 tum
832 4031 1047 4131 philosophiae
1068 4045 1199 4098 istarum
1220 4048 1372 4116 aetatum,

328 4140 414 4183 nunc
434 4115 479 4182 illi
493 4117 574 4184 versi
595 4129 669 4183 sunt
689 4117 724 4182 in
744 4119 905 4184 materiam
925 4119 1063 4206 ahquam
1078 4122 1254 4203 vpoeticam:
1276 4146 1374 4222 quam

327 4203 454 4292 ingenia
477 4220 642 4292 poetarum
668 4228 727 4293 pro
751 4204 855 4271 lubitu
880 4205 1045 4294 fingerent,
1068 4206 1266 4298 delectationi
1287 4233 1375 4298 mge-

328 4289 416 4354 niosa
438 4291 823 4370 tractatione,·variatione
844 4306 877 4357 et
901 4293 1105 4382 expositione,
1130 4295 1221 4360 unioe
1246 4298 1373 4367 studeo..

255 4425 257 4430 .
328 4375 428 4450 tium}
452 4377 495 4464 ita
510 4378 644 4464 exolevit
663 4379 791 4444 omnino
810 4377 1217 4468 antiquorummphorum
1239 4396 1371 4459 natura;
