3008 5056
315 351 381 415 ios
677 349 931 415 EXCURSUS
954 350 1003 414 11.
1063 355 1066 366 '

317 520 419 586 Schol.
434 522 482 588 br.
500 519 602 586 Schol.
618 521 707 610 Lips.
724 521 840 586 Victor.
856 520 1004 587 Leidens.
1015 544 1066 609 ap.
1083 519 1212 584 Vallten.
1227 519 1270 584 ad
1283 521 1365 584 Am.

314 631 397 673 mon.
418 632 449 697 p.
467 605 531 674 246
552 620 584 672 et
606 608 689 672 Diss.
712 608 753 673 de
777 607 907 673 Scholiis
928 630 959 697 p.
976 610 1041 672 124
1054 629 1101 694 sq.
1115 606 1189 671 add.
1212 606 1362 672 Eustath.

315 693 424 760 Primo
444 709 549 760 tamen
562 695 632 760 loco
645 693 836 781 antiquiores
853 693 998 760 historias
1010 693 1136 782 collegit
1151 694 1265 758 Strabo
1279 693 1363 771 VII,

314 802 345 866 p.
362 783 452 866 504.)
468 782 635 848 observant
656 782 746 846 haec:
759 780 804 866 ‘in
824 780 1041 870 Hyperboreis
1062 779 1153 844 ataui
1170 803 1236 845 esse
1254 779 1366 845 Dodo·

315 889 388 931 nam
410 881 442 932 et
462 868 542 933 duas
560 867 657 933 fuisse
675 891 713 933 eo
733 867 859 932 nomine
881 868 992 933 urbes:
1018 874 1040 906 “
1055 869 1213 932 Δωδωναῖε·
1232 869 1260 931 ἰν
1273 865 1364 954 χῶᾳᾳ

316 960 338 992 “
352 959 393 1039 τῷ
407 953 593 1042 ’Ῥσεᾳβαᾳίᾳα
608 959 642 1031 σῆ
656 954 784 1042 Δωδώνῃ,
799 954 964 1037 rapuimus?
1009 956 1091 1018 Sane
1104 975 1169 1018 non
1182 952 1242 1018 nisi
1260 965 1365 1018 ceute

313 1039 530 1130 subquissima
553 1019 675 1128 Epiius
722 1063 759 1105 ro
784 1040 911 1130 regione
938 1041 1148 1129 Hyperborea
1172 1039 1288 1132 haben
1307 1062 1365 1127 po-

314 1125 387 1206 tuit,
402 1127 531 1214 quando
552 1150 660 1192 omnes
679 1064 722 1192 al
740 1128 869 1192 boream
885 1127 1035 1192 Graeciae
1055 1125 1128 1190 sitas
1147 1127 1242 1192 urbes
1253 1149 1293 1192 eo
1307 1148 1365 1190 no-

314 1212 641 1376 lfihtlllllffil.
668 1211 1366 1388 §.thralestanum&

524 1350 530 1364 ·
925 1349 934 1364 ·
1046 1347 1057 1380 ν

314 1384 495 1452 tradidisse:
519 1388 679 1467 Φιλόξενος,
698 1393 711 1450 δ
732 1392 781 1464 τὴν
795 1386 963 1452 Ὀδύσσειαν
984 1385 1225 1470 ὑπομνηματίζαν.
1248 1384 1365 1450 scilicet

313 1471 355 1536 ad
370 1472 484 1562 Odyss.
501 1475 538 1541 Ξ.
554 1477 627 1554 327.
644 1477 674 1538 8.
691 1487 723 1538 et
735 1479 771 1537 T.
787 1471 861 1543 296.
878 1475 907 1541 ’7.
932 1471 1101 1538 Molossiae
1122 1471 1234 1536 debuit
1253 1469 1364 1536 haberi

313 1559 452 1624 Dodona
471 1567 579 1625 nostra
600 1560 710 1660 Epiri:
734 1583 817 1647 quae
837 1558 935 1648 igitur
949 1583 1016 1630 esse
1029 1557 1135 1657 potuit
1148 1557 1246 1622 altera
1260 1557 1365 1624 Thes·

313 1644 428 1710 saliae?
441 1648 534 1711 ¹Sane
556 1646 665 1734 priscis
686 1644 880 1733 temporibus
893 1645 983 1710 nulla
995 1645 1058 1710 fuit
1072 1643 1165 1732 Epiri
1178 1657 1212 1709 et
1226 1645 1365 1710 Thessa-

312 1729 372 1796 liae
386 1731 573 1819 disjunctim
598 1733 680 1798 inter
694 1731 828 1820 populos
842 1755 860 1796 e
876 1731 1041 1797 Thessalia
1053 1731 1166 1796 ductos
1177 1730 1315 1798 vidimus
1329 1731 1362 1796 in

314 1819 461 1883 Recensu
475 1818 520 1882 lib
536 1821 587 1898 11,
605 1820 669 1887 750
683 1817 777 1884 etiam
792 1818 999 1894 Dodonaeos3
1023 1831 1092 1883 erat
1110 1817 1209 1905 iffl'tur
1223 1817 1361 1884 Dodom

313 1915 382 1968 turn
406 1904 594 1970 Thessalicis
618 1904 694 1971 locis
714 1927 860 1980 acceusa;
888 1929 918 1969 v.
942 1905 1032 1970 Obss.
1055 1904 1098 1968 ad
1118 1928 1146 1969 e.
1165 1903 1185 1968 l.
1208 1903 1363 1992 Pelasgici

355 1989 424 2077 puli
444 1990 628 2058 habitabant
649 1991 782 2080 dispersi
795 2015 853 2073 nec
866 2013 989 2080 semper
1001 1991 1111 2057 iisdem
1134 1990 1272 2071 sedibus,
1288 1993 1364 2056 Mo·
1399 2072 1401 2074 Ι

323 2076 385 2142 ossi
409 2076 539 2165 quidem
561 2078 595 2144 iu
620 2078 780 2144 montibus
805 2079 850 2152 ad
871 2078 1081 2144 occidentem:
1115 2077 1223 2165 itaque
1252 2078 1362 2143 e'adeui

312 2163 451 2228 Dodona
474 2164 507 2228 in
534 2164 686 2232 Molossia
714 2165 792 2241 sita3
822 2189 924 2253 eoque
948 2165 1044 2230 modo
1071 2187 1111 2228 ex
1137 2187 1203 2229 uua
1224 2164 1365 2230 Dodona

311 2272 339 2314 a.
352 2250 520 2316 acrioribus
541 2251 619 2340 fingi
640 2266 772 2341 potuere
794 2252 948 2318 Dodonae
969 2253 1063 2331 duae,
1084 2251 1146 2316 alia
1167 2251 1362 2332 Thessaliae,

311 2335 373 2403 alia
392 2337 570 2403 Molossiae.
615 2339 824 2427 Adoptarunt
845 2352 950 2404 tamen
970 2339 1031 2404 hoc
1052 2336 1186 2425 duplicis
1207 2337 1364 2422 Dodonae

311 2438 523 2488 commentum
548 2424 611 2504 alii,
637 2439 674 2491 ut
696 2426 865 2491 Dodonam
886 2439 1025 2492 nostram
1047 2423 1229 2490 Thessaliae
1249 2425 1363 2492 urbem

311 2509 473 2590 haberent,
498 2511 552 2595 (cf.
575 2513 725 2600 Stephon.
749 2514 828 2601 Byz.
874 2515 988 2598 aas.)
1010 2533 1083 2577 cuni
1107 2510 1224 2606 alioqui
1245 2510 1362 2578 minam

310 2595 482 2676 videretur,
498 2620 616 2683 numen
677 2598 838 2686 regrinum
850 2536 946 2686 iipiri
959 2621 980 2662 a
994 2597 1148 2663 Thessalo
1165 2595 1293 2662 homine
1306 2621 1362 2686 ap-

312 2681 430 2770 pellari.
477 2685 553 2771 Ipse
567 2622 718 2774 Apohiin.
735 2686 817 2749 Lex.
832 2687 989 2750 Δωδωναῖε·
1005 2685 1160 2778 hilaratis
1181 2689 1196 2747 δ
1217 2685 1288 2760 Zeis
1303 2686 1359 2748 ἀπὸ

312 2768 445 2848 Δωδώνης
459 2776 507 2847 τῆς
522 2774 549 2834 ἐν
563 2770 731 2858 Θεσσαλίᾳ,
749 2775 776 2834 ἰν
790 2769 806 2857 ᾖ
821 2773 888 2859 legis
903 2776 998 2846 αὐτοῦ,
1034 2770 1215 2838 Thessaliae
1231 2793 1360 2858 quoquc

312 2877 426 2919 nomen
448 2855 545 2922 latere
568 2857 708 2944 suspicor
731 2857 764 2921 in
789 2856 967 2944 corruptela
991 2857 1078 2944 apud
1103 2857 1252 2945 Stephan.
1280 2859 1359 2946 Byr.

312 2949 416 3006 “esse
439 2955 471 3007 et
493 2942 585 3009 aliam
609 2943 779 3010 Dodonam
803 2949 830 3009 ἐν
855 2942 998 3030 Ἰταλίᾳ”
1022 2943 1119 3008 immo
1143 2947 1170 3006 ἰν
1195 2944 1358 3032 Θετταλίᾳ.

314 3029 406 3101 Inter
425 3051 488 3109 ecs,
504 3029 561 3117 qui
581 3029 657 3100 huic
678 3029 776 3099 errori
790 3029 915 3098 obviam
930 3027 1066 3108 iverunt,
1080 3029 1186 3094 fuerat
1199 3029 1360 3112 Epapho-

311 3114 406 3193 ditas,
421 3118 494 3201 ἐντῇ
510 3121 605 3192 Πσῆς
618 3117 737 3192 Ἰλιάδος
752 3115 840 3203 apud
856 3115 1004 3204 Stephsn.
1020 3117 1100 3204 Byr.
1112 3114 1146 3182 iu
1159 3114 1289 3194 Δωδώνη,
1305 3115 1359 3182 ubi

368 3201 471 3272 uitur:
496 3199 661 3290 ἔσικξκληκε
684 3203 712 3265 δὲ
733 3203 890 3287 Ἀχιλλεὺς
907 3203 954 3265 τὸν
974 3205 1000 3266 ἐν
1020 3201 1178 3288 Θεσσαλίᾳ
1196 3207 1360 3288 γιιτνιῶντα

311 3286 377 3350 θεον.
422 3288 475 3352 Ex
498 3309 583 3374 unge
604 3291 639 3351 ἐν.
663 3286 764 3353 voluit
785 3287 887 3353 dicere
907 3287 1014 3367 deum,
1037 3288 1129 3376 cujus
1151 3286 1304 3374 templum
1326 3288 1358 3353 in

311 3371 424 3444 vicinia
439 3309 620 3438 Tiiessal'iae
634 3387 727 3438 esset:
751 3377 787 3448 ιδς
802 3375 849 3437 καί
865 3379 878 3437 δ
894 3374 1040 3460 Πάνδαᾳδς
1056 3374 1134 3458 (non
1149 3371 1301 3462 Πίνδαρος)
1316 3373 1358 3439 εὗ-

187 3454 191 3463 ’
308 3474 398 3543 §gerru
418 3463 459 3544 τῷ
473 3462 638 3544 Anamari,
654 3461 702 3524 nal
724 3464 737 3522 δ
757 3460 869 3546 Χρύσης
890 3465 930 3546 τῷ
952 3461 1079 3543 Epistol.
1107 3459 1289 3526 Pandarum
1311 3483 1359 3526 re.

311 3543 402 3636 spicit
425 3557 602 3632 precantem
624 3569 662 3609 su
686 3595 693 3610 .
717 3552 756 3610 Δ.
773 3547 846 3611 101.
879 3546 957 3612 Fuit
978 3546 1190 3634 Epaphroditi
1211 3546 1358 3630 ὑπόμνημα

231 3657 234 3662 ·
310 3631 498 3708 ιῆςἸλιαίδος.
533 3632 635 3720 Apud
656 3568 796 3742 Etymol.
812 3632 846 3698 in
860 3632 1009 3720 Γάργαᾳας
1022 3631 1356 3719 ΙιιιιιίαίιιΓἘααφᾳίδν-

310 3740 357 3792 τις
372 3721 399 3782 lt
413 3719 586 3803 ὑπομνήματι
603 3717 625 3784 θ’
638 3719 768 3795 Ἰλιαδσς.

356 3805 506 3896 Sequitur
528 3805 562 3870 in
586 3804 688 3871 Schol.
704 3807 747 3871 A.
769 3807 839 3881 σινές
861 3807 901 3886 li,
924 3805 1057 3884 Δαδιίνην
1078 3809 1127 3884 τὴν
1149 3810 1213 3892 γῆν,
1236 3804 1357 3890 παρόσον

309 3891 403 3956 πάντα
430 3891 548 3956 δίδωσιν.
576 3891 720 3979 ineptum
747 3915 880 3958 acumen
886 3892 1158 4044 οἔιιιυιιιαιὶσιιιιι,
1187 3891 1356 3972 Dodonsm

309 3976 426 4042 dictam
439 4001 506 4043 esse
519 3979 575 4042 ἆσδ
590 3987 638 4043 τοῦ
660 3980 768 4060 διδόναι.Ι
786 3978 820 4044 in
842 4003 886 4068 qu
944 3978 1013 4066 jam
1028 3977 1262 4072 Apollodorum
1283 3977 1356 4042 inci·

309 4063 392 4130 disse
405 4063 522 4132 discos
538 4065 699 4153 Stephano
713 4067 793 4154 Byz.
810 4065 852 4132 ὅτι
869 4065 978 4130 δίδωσιν
996 4069 1059 4149 ἡμῖν
1079 4070 1119 4130 τὰ
1139 4064 1247 4152 ἀγαθά.
1291 4069 1353 4128 Πι·

310 4151 506 4235 λασγικδνδέ,
520 4150 561 4215 ὅτι
576 4149 730 4237 γῆςσίλας
745 4151 818 4216 ἐστί.
833 4152 866 4217 in
881 4152 1008 4240 Fragm.
1023 4175 1055 4240 p.
1069 4152 1164 4219 1043.
1202 4150 1352 4240 Aliijun-
1494 4179 1495 4250 J

309 4249 421 4309 xerant
443 4239 639 4318 ἀναδαδωναῖε,
661 4243 738 4326 παραὶ
763 4241 811 4317 τὴν
840 4239 967 4302 ἀνάδοσιν
990 4247 1045 4304 τῶν
1069 4240 1194 4324 ἀγαθῶν.
1239 4240 1351 4327 Nugas

168 4401 170 4406 ,
308 4320 368 4386 hae
391 4335 548 4390 auctorem
573 4325 712 4392 habuere
734 4323 932 4404 Cleanthem,
962 4338 999 4390 ut
1024 4325 1187 4424 Plutarch.
1212 4325 1253 4390 ds
1278 4323 1348 4390 aud.
