3008 5056
461 403 529 479 m)
553 416 703 482 ILIAD.
736 423 760 482 1.

414 697 709 772 EXCURSUS
749 687 826 775 IV.

317 821 372 887 De
385 844 441 888 mu
455 823 619 890 Hmnerioo
628 825 800 908 particulae
814 822 902 890 ὁπότε.

138 941 163 1000 l·
177 935 247 1006 698.
269 935 334 1000 τότε
348 939 370 998 ὁ
385 936 454 1002 αὖτε
471 937 650 1024 μαχήσεται,
666 937 766 1002 ὁππότε
787 937 833 1000 κόν
852 963 900 1018 μιν
915 937 995 1019 iupis
1010 940 1046 1012 ἐνὶ
1061 939 1134 1019 σπή-
1254 963 1257 972 ’

101 1022 182 1086 brata
201 1021 295 1109 όινόνγῃ
318 1023 366 1086 καὶ
388 1025 444 1098 θεὸς
465 1023 540 1110 ὄρσῃ.
586 1023 727 1088 Varietas
746 1021 885 1089 lectionis
902 1022 935 1086 in
954 1023 1014 1090 hoc
1029 1047 1133 1106 versu,

101 1107 150 1172 etsi
163 1108 201 1172 ad
216 1131 341 1172 sensum
360 1132 424 1174 non
444 1109 550 1208 magni
571 1110 731 1190 momenti,
747 1123 804 1190 est,
820 1123 893 1174 cum
907 1123 939 1174 et
954 1111 1067 1198 ἀνάγει,
1083 1139 1134 1175 ιε-

101 1195 174 1273 λιόει,
187 1193 270 1282 όροον,
282 1194 416 1282 legatur,
428 1194 599 1282 particulae
615 1211 719 1260 tamen
731 1197 810 1260 ὁπότε
822 1220 915 1261 usum
930 1195 1019 1261 trinis
1034 1197 1135 1262 modis

100 1280 207 1345 variare
229 1281 385 1361 videmus,
411 1305 484 1346 cum
507 1282 720 1380 subjunctivo,
741 1282 909 1348 indicativo
930 1295 962 1346 et
983 1283 1151 1371 optativo..

100 1368 163 1445 Quo
176 1366 390 1432 animadverso
404 1367 501 1432 satius
511 1389 613 1432 visum
628 1381 686 1448 est,
698 1381 736 1433 ut
748 1362 919 1456 particulae
933 1369 1029 1468 hujus
1041 1393 1135 1435 usum
1252 1433 1255 1438 .

101 1453 136 1516 ad
154 1454 234 1518 hunc
254 1453 373 1522 librum
394 1454 498 1518 adbuc
520 1455 715 1542 subjicerem,
731 1477 771 1520 ne
789 1455 822 1518 in
835 1454 895 1520 hac
909 1455 1134 1544 paruculamm

102 1537 186 1604 classe
199 1539 319 1628 aliquid
333 1539 510 1628 neglectum
525 1563 591 1605 csse
605 1541 704 1606 videri
719 1540 824 1628 possit.

135 1625 232 1690 Ὀπόπε
246 1650 321 1692 cum
336 1626 391 1704 ότι,
406 1627 540 1692 eundem
555 1626 754 1694 feremorem
768 1625 857 1714 sequi
870 1625 960 1692 facile
978 1639 1131 1714 expectes.

102 1712 196 1800 Attigi
217 1735 291 1778 eum
354 1712 420 1778 ullo
441 1726 513 1778 ante
535 1713 568 1778 in
590 1715 670 1778 Exc.
687 1716 715 1778 Ι.
731 1725 762 1777 ct
778 1713 818 1778 de
832 1737 870 1778 eo
883 1736 975 1800 agam
992 1725 1136 1778 accurate

102 1800 237 1866 Excursu
251 1799 295 1864 ad
329 1799 349 1864 l.
367 1805 411 1864 M.
428 1802 479 1864 41.
507 1802 638 1865 Praeter
653 1799 822 1865 sollennem
836 1799 942 1900 itaque
952 1799 1135 1887 juncturam

102 1908 166 1950 cum
178 1887 353 1966 indicativo,
368 1909 425 1951 nec
446 1885 551 1950 nunus
571 1886 716 1950 muntem
738 1885 797 1952 sibi
818 1885 960 1951 adscrscit
973 1887 1138 2036 οινὸῃνιιοὸἱ-

102 1993 164 2036 oum
176 1986 206 2038 et
219 1973 401 2057 optativum,
416 1995 474 2037 nec
490 1971 581 2038 focile
600 1995 741 2038 caussam
762 1972 907 2038 idoneam
920 1973 954 2037 in
968 1995 1023 2037 mn
1036 1972 1076 2036 tis
1089 1995 1138 2038 ra-

102 2058 203 2144 perias,
217 2083 275 2124 cur
289 2059 388 2124 altero
401 2059 497 2124 modo
517 2059 566 2124 uti
587 2058 732 2124 maluerit
753 2071 864 2147 poeta3
889 2072 925 2123 ut
940 2081 997 2124 nec
1011 2057 1091 2124 illud
1105 2059 1138 2123 in
1181 2107 1188 2120 .

101 2158 199 2231 aperto
219 2159 266 2212 est
288 2169 346 2210 our
367 2144 567 2235 subjunctivo
589 2171 634 2210 νιν
656 2156 688 2210 ct
709 2144 742 2210 ab
761 2145 856 2211 modo
880 2146 1063 2234 adjunctum
1087 2145 1138 2226 sit,

103 2231 187 2296 modo
207 2233 368 2312 omissum,
391 2232 451 2296 nisi
469 2232 517 2295 od
540 2233 631 2300 mebi
652 2232 865 2297 necessitatem
885 2232 962 2296 haec
984 2231 1138 2311 retuleris,

103 2340 166 2382 cum
182 2318 224 2383 vis
246 2319 357 2384 eadem
379 2319 548 2408 utrobique
569 2331 700 2383 maneat.
746 2319 917 2407 Expendat
938 2317 1050 2405 aliquis
1071 2318 1140 2384 loca

104 2405 271 2490 sequanum
295 2427 369 2470 cum
383 2405 590 2490 abjurata:
615 2410 655 2471 Α.
671 2403 735 2470 163
751 2403 1061 2490 ὁππότε-ἐκπέμπωσι.
1095 2409 1138 2470 Ο.

105 2491 161 2554 682
181 2491 273 2557 ὁππότ’
297 2491 393 2578 ἔπεόγῃ
412 2491 439 2565 ’ἀς
462 2491 571 2574 ἀνέμου.
616 2493 748 2556 Etcum
764 2519 820 2556 κεν.
843 2493 881 2558 Ξ.
898 2494 962 2556 505
978 2490 1077 2554 ὁππότε
1093 2515 1140 2553 κεν

104 2577 297 2661 δῆ-νεῶμεόοι.
335 2578 375 2645 Σ.
390 2575 454 2643 116
469 2578 569 2641 ὁππότε
583 2603 629 2640 κεν
650 2581 679 2656 δὴ
700 2579 769 2653 Ζεὺς
791 2577 867 2665 ἐθέλῃ
890 2577 1017 2641 τελέσαι.
1039 2576 1139 2641 ὁππότε

105 2661 144 2727 aiv
157 2690 201 2745 μιν
214 2668 284 2751 γνῖοι
300 2663 377 2751 λάβῃ
393 2665 520 2743 κάματος
537 2674 576 2728 Δ.
593 2667 669 2735 229.
693 2663 793 2728 ὁππότε
814 2691 860 2727 κεν
880 2665 928 2728 καὶ
944 2662 1139 2748 &poi-iiim,

105 2749 223 2815 ubero.
261 2750 326 2816 Od.
343 2755 380 2815 Γ.
395 2753 460 2819 237
473 2749 572 2814 ὁππότε
587 2776 634 2813 κεν
654 2755 684 2829 δὴ
703 2752 786 2835 Μοῖρ’
808 2753 873 2827 tart,
893 2750 1026 2837 καθέλῃσι
1045 2762 1077 2813 et
1098 2747 1137 2814 al.

106 2834 180 2900 Cum
200 2835 234 2901 ἀν
255 2836 358 2902 multo
379 2836 483 2901 minus
505 2835 665 2902 miraberis
687 2836 923 2924 subjunctivum
936 2833 1046 2950 jungi,
1067 2855 1140 2899 cum
1271 2833 1273 2838 ’
1327 2901 1331 2909 ,

105 2917 161 2984 irai
175 2937 206 2988 et
220 2924 322 2989 ὁπόταν
336 2923 426 2988 aliter
434 2921 530 3012 jungi
544 2922 652 2988 nolint.
685 2926 723 2986 Ο.
740 2926 806 2993 209
820 2919 913 2986 ὁππότ’
929 2948 963 2985 αν
979 2923 1066 2997 ἐθέλῃ.
1102 2927 1139 2984 Τ.

105 3006 161 3074 316
174 3023 205 3074 et
218 3009 256 3074 ab
288 3009 409 3075 Vitiosa
422 3033 498 3098 ergo
513 3017 560 3073 est
573 3009 665 3074 lectio
680 3008 719 3074 Il.
736 3014 774 3073 Φ.
791 3010 895 3073 6461
913 3011 979 3070 ἀλλ’
996 2985 1096 3070 ὁπόταν
1111 3007 1138 3069 ὁ“

104 3093 225 3178 φθέγξομ’
252 3096 325 3182 ὁγνὸν
355 3097 492 3183 ὁάχοοοπ.
538 3095 671 3162 Indocte
699 3094 932 3183 interpolatum,
960 3115 1032 3157 cum
1061 3103 1142 3156 esset

105 3179 256 3266 φθέγξομαι
273 3182 431 3269 frixonum
475 3181 634 3270 Exempla
652 3203 727 3248 usus
740 3188 789 3245 ποῦ
804 3180 884 3245 ὁπότε
898 3202 970 3245 cum
985 3179 1141 3263 optativo:

104 3269 218 3338 11794
238 3269 380 3354 δέγμενος,
403 3268 503 3332 ὁππότε
525 3275 620 3352 ναῦφιν
642 3270 816 3357 ἀφορμηθεῖεν
834 3266 965 3352 Ἀχαιοί.
988 3269 1062 3330 etl.
1078 3265 1139 3336 191

107 3349 225 3436 δόγμενος
239 3353 508 3434 Αόακόδῃν,-ὁπόπε
523 3356 628 3434 λήξειεν
643 3355 738 3419 ἀεόδννν
752 3366 785 3417 et
799 3352 842 3417 sic
857 3375 958 3440 saepe,
971 3364 1008 3416 ut
1020 3357 1055 3415 A.
1067 3353 1140 3418 384.

104 3438 133 3500 5.
146 3439 225 3504 etal.
273 3444 322 3506 At
336 3464 410 3505 cum
425 3464 470 3504 κεν
483 3453 516 3505 et
530 3439 564 3504 ἀν
578 3463 735 3528 nusquam
750 3439 908 3528 optativus
923 3440 983 3526 jun
1008 3439 1071 3502 'tur
1086 3455 1143 3502 nec

106 3522 208 3614 fortej
280 3527 287 3540 ’
312 3539 434 3613 potest3
458 3526 565 3615 itaque
582 3549 651 3626 sup.
668 3533 708 3591 H.
727 3528 790 3592 415
812 3526 907 3590 ὁππότ’
928 3523 963 3590 ἀν
997 3528 1055 3590 λόον
1078 3545 1142 3588 non

105 3607 250 3678 debebam
276 3613 428 3678 actionem
441 3613 594 3688 retinere;
618 3627 663 3677 ita
681 3611 764 3678 enim
784 3611 952 3699 legendum
966 3624 1033 3675 erat
1048 3610 1143 3674 ὁππότ’

106 3693 137 3759 ἀν
149 3696 218 3786 aij·
229 3699 293 3764 sed
311 3699 490 3788 recipienda
507 3711 575 3765 erat
595 3699 686 3764 lectio
708 3696 754 3786 ἀρ,
770 3698 864 3762 ὁππότ’
880 3697 924 3783 ἀρ’
946 3697 1027 3762 ἔλθοι.
1072 3695 1144 3761 Etsi

109 3780 146 3848 ll.
156 3790 198 3848 Δ.
212 3789 279 3857 229
292 3786 469 3870 παρισχέμεν
484 3787 591 3863 όππονς,
607 3785 707 3850 ὁππότε
723 3785 770 3849 κόν
780 3809 827 3866 μιν
841 3789 910 3866 γυῖον
924 3783 1001 3865 λάβῃ
1016 3783 1144 3865 κάματος

106 3865 173 3934 boni
193 3872 284 3938 ωοο.
300 3871 418 3938 habent
431 3871 526 3950 ιιι..
572 3874 753 3936 ooeurmnt
772 3870 805 3934 in
827 3870 875 3934 us
889 3870 967 3948 ιω»,
982 3849 1015 3934 tn
1028 3869 1145 3968 quibus

107 3950 190 4021 lectio
207 3970 293 4023 errat
309 3957 391 4028 inter
409 3959 623 4037 indicativum,
638 3957 814 4046 optativum
836 3967 868 4022 et
889 3957 1143 4044 subjunctivum

106 4043 244 4127 equidem
303 4045 437 4110 aeteram
459 4046 492 4112 in
514 4049 657 4112 Homero
674 4043 919 4132 subjunctivum,
935 4055 972 4106 ut
988 4042 1026 4107 Il.
1043 4047 1074 4105 P.
1091 4043 1142 4110 98.

108 4128 155 4196 99-
189 4131 259 4195 At·
288 4131 334 4196 ud
346 4155 474 4220 prorsus
488 4144 535 4197 est
550 4131 768 4210 Homericum,
783 4129 871 4217 quod
886 4129 947 4196 Od.
963 4133 1000 4192 Α.
1018 4129 1057 4192 41
1069 4127 1145 4214 jun-

108 4223 153 4276 eta
166 4229 238 4280 sunt
253 4217 346 4281 ὁππότ’
363 4215 397 4282 ἀν
411 4220 500 4308 ἡβῆσῃ
515 4246 546 4283 τε
562 4219 609 4282 καὶ
625 4218 654 4296 ἧς
671 4219 803 4328 όμεόῃεποιι
820 4214 887 4293 ains.
1131 4237 1134 4246 ·

148 4302 254 4366 Etiam
279 4325 352 4368 cum
369 4303 479 4386 futuro
501 4297 658 4368 ἀνᾶάεοοιῗοο·
681 4309 761 4368 ὁποτε
783 4301 941 4390 junctum,
965 4321 1028 4364 non
1052 4296 1146 4361 modo

110 4389 251 4475 temporis
265 4401 299 4454 et
312 4391 480 4457 sententiae
494 4389 613 4455 ratione
627 4389 660 4540 ig
674 4389 862 4480 postulante,
879 4399 914 4453 ut
929 4411 958 4450 v.
974 4409 999 4451 c.
1015 4387 1054 4448 N.
1071 4383 1143 4452 817.

381 4501 384 4510 ν
600 4499 621 4540 a
