3026 5056
551 365 619 431 AD
642 365 792 434 ILIAD.
817 371 851 430 Z.
1161 353 1224 444 '53

175 533 405 687 dueehrgbposse,
421 557 484 601 non
498 559 573 602 vero
586 537 629 602 ad
646 537 807 626 explorate
824 559 899 604 vera
916 547 949 604 et
966 524 1041 604 fidei
1058 541 1222 616 historicae

172 643 236 686 vim
315 635 406 688 ltura.
1241 628 1250 652 ⁸

214 709 305 787 Quae
325 708 429 774 adhuc
450 711 701 790 memoravimus,
717 723 791 776 sunt
809 712 997 780 Homerica:
1023 713 1100 779 nihil
1118 716 1151 782 in
1170 720 1219 787 hia

168 805 226 893 eet,
249 793 338 882 quod
362 796 583 897 obscuritatem
604 811 661 863 aut
682 796 909 864 dubitationem
930 799 1056 880 hebeat,
1078 824 1155 901 exue
1178 809 1218 873 tie

169 883 862 1068 ilii’wiilhieaiiimmilmpeeuidumdddidiidtii
873 883 1146 1040 ieritiorioaidminltlirp
1152 978 1217 1046 duo

39 1097 42 1106 ,
169 1067 384 1141 promontoria
395 1068 428 1120 et
441 1056 523 1124 inter
541 1056 606 1122 duo
623 1079 730 1123 amnes
748 1056 829 1122 ratio
845 1057 888 1122 ad
905 1071 1016 1139 eastra,
1031 1075 1088 1127 aut
1101 1077 1216 1130 castro-

168 1161 240 1204 rum
261 1141 343 1207 ratio
362 1142 404 1207 ad
420 1141 515 1223 illud,
537 1143 666 1209 definita
690 1165 754 1210 non
775 1143 877 1209 estin
899 1143 1010 1225 Iliade,
1034 1149 1215 1218 Scamandri

167 1239 274 1292 eutem
288 1229 406 1294 vadum
424 1251 461 1294 ac
479 1229 627 1318 trajectus
644 1241 718 1295 ante
735 1241 837 1296 anama
854 1253 919 1318 quo
936 1230 1006 1298 loco
1022 1233 1129 1316 fuerit,
1148 1261 1214 1306 am.

167 1312 301 1401 biguum
321 1327 387 1392 eet;
411 1315 553 1404 adeoque
573 1315 704 1405 legentis
725 1316 830 1382 auimo
843 1340 880 1382 ac
897 1319 1001 1384 sensui
1022 1319 1110 1401 nihil,
1126 1327 1213 1411 quod

166 1399 241 1464 satis
254 1414 375 1467 eertum
389 1425 425 1468 ac
439 1413 546 1468 tutum
565 1403 616 1484 sit,
632 1415 785 1483 occurrat,
800 1403 834 1468 iu
848 1427 914 1502 quo
927 1405 1121 1492 aequieaeere

114 1539 119 1550 .
165 1486 216 1566 sis,
238 1511 257 1552 e
278 1489 485 1554 reaentiorum
505 1502 624 1570 autem,
646 1489 703 1577 qui
723 1489 792 1555 loaa
809 1490 966 1569 adierunt,
981 1431 1213 1563 narratiomiriii

165 1570 266 1639 multo
287 1576 387 1663 major
407 1598 458 1642 um
481 1576 488 1590 '
537 1577 596 1642 'tas
616 1588 771 1642 nasuatur.
815 1575 976 1665 Equidem
990 1600 1048 1643 nec
1061 1579 1136 1645 olim
1150 1582 1210 1650 hoc

163 1659 241 1724 mihi
256 1661 363 1743 sumai,
378 1675 417 1728 ut
429 1687 469 1728 ex
521 1685 628 1729 omero
645 1675 763 1729 oerum
781 1686 818 1728 ac
836 1662 997 1728 definitam
1010 1663 1150 1731 locorum
1164 1669 1210 1735 fa-

162 1745 240 1812 ciem
263 1749 397 1830 tradere,
418 1771 477 1816 nee
496 1762 536 1816 ut
558 1749 741 1816 notitiarum
762 1749 956 1816 diversarum
979 1754 1210 1840 comparatione
1280 1781 1289 1788 ·

161 1833 360 1902 difficultates
378 1835 486 1902 tollere
504 1849 561 1902 aut
579 1836 700 1902 diluere
712 1835 843 1912 vellem
867 1837 1135 1924 quandoquidem,
1151 1842 1209 1908 nisi

160 1922 366 2009 conjectando
379 1935 411 1988 et
424 1923 595 2004 ariolando,
610 1922 688 1988 nihil
701 1924 761 1988 hoc
779 1922 812 1987 in
830 1945 944 2012 genere
964 1924 1073 2011 profici
1095 1939 1207 2013 potest.

161 2007 229 2072 Nec
244 2021 349 2076 tamen
366 2033 419 2076 eus
441 2009 555 2076 iaiones
575 2010 707 2076 aliorum
728 2009 903 2098 ingeniosas
922 2011 1081 2098 aspernari
1103 2013 1205 2091 sole03

160 2093 218 2158 etei
240 2119 280 2160 ex
303 2095 340 2161 iis
363 2033 441 2162 nihii
462 2095 668 2173 constituam
692 2119 711 2161 e
731 2120 797 2184 quo
817 2119 931 2185 genere
954 2110 1002 2162 eet
1023 2097 1077 2162 ille
1097 2099 1137 2163 de
1160 2101 1207 2166 si.

160 2182 293 2248 maentia
313 2182 398 2248 ostiis
417 2185 562 2249 Rhoeteo
582 2182 797 2272 promontorio
816 2182 1024 2272 propioribun
1070 2187 1208 2284 Magnae

157 2264 299 2334 locorum
312 2270 501 2336 mutationes
515 2293 657 2336 successu
671 2282 720 2335 tot
729 2281 868 2335 aetatum
878 2268 982 2334 factas
991 2293 1057 2334 esse
1066 2267 1205 2338 dubitari

158 2355 287 2442 nequit3
311 2356 470 2422 enimvero
488 2380 526 2422 ao
545 2357 615 2457 ipso
636 2379 686 2422 rea
705 2355 807 2421 multo
826 2355 928 2455 magis
947 2356 991 2421 ad
1011 2379 1112 2422 meras
1131 2382 1204 2426 con-
1256 2443 1259 2448 Ι

152 2440 294 2528 jacturas
308 2443 407 2520 redit3
430 2443 509 2508 nihil
523 2467 606 2508 emm
620 2465 755 2531 usquam
769 2453 827 2522 est,
842 2466 894 2508 cur
908 2443 981 2506 satis
995 2443 1092 2508 fidere
1105 2445 1204 2531 possis

155 2539 213 2593 aut
227 2542 450 2618 superstruere.
486 2529 573 2610 Quid
586 2554 662 2596 vero
675 2530 711 2609 ei,
726 2529 815 2618 quod
828 2529 894 2617 ipse
908 2551 1029 2609 censeo,
1044 2543 1137 2618 poeta
1150 2532 1202 2598 cui

154 2614 214 2681 hoc
228 2617 425 2706 propositum
439 2630 516 2697 erat,
532 2630 570 2682 ut
583 2617 688 2682 omnia
706 2616 739 2680 in
758 2617 861 2706 majus
879 2616 1003 2680 efferret
1021 2629 1053 2680 et
1072 2617 1203 2705 amplifi-

153 2715 250 2783 caret,
266 2703 381 2792 partim
402 2703 564 2792 copiarum
585 2727 752 2768 numerum
774 2703 937 2801 magnifiee
959 2702 1049 2768 auxit
1065 2717 1098 2767 et
1111 2727 1202 2770 orna-

152 2788 211 2869 vit,
226 2791 342 2889 partim
356 2789 496 2856 locorum
511 2790 658 2880 spatium,
669 2813 727 2878 per
734 2813 773 2890 ae
788 2813 837 2853 exa
884 2811 939 2854 um
953 2788 1035 2862 inter
1048 2811 1154 2854 amnes
1168 2791 1201 2855 in

152 2871 301 2942 inferiore
314 2877 416 2967 campi
431 2891 545 2957 tractu,
560 2889 646 2942 eerto
659 2875 786 2941 consilio
863 2875 930 2938 nire
944 2874 1063 2949 noluit;
1086 2875 1201 2941 scilieet
1312 2951 1316 2958 ,

151 2973 190 3028 ut
212 2962 347 3029 liberum
370 2976 450 3030 esset
470 2963 681 3041 audientibus,
703 2963 822 3048 fingere
843 2961 901 3025 sibi
922 2958 990 3025 loca
1011 2971 1075 3024 tam
1096 2961 1202 3049 ampla

150 3071 249 3136 quam
268 3051 387 3151 fingere
405 3050 464 3117 eibi
478 3051 613 3138 quisque
626 3047 828 3114 vellet-Ita
863 3069 1048 3147 uaecunque
1061 3045 1145 3112 hisee
1159 3048 1200 3114 de

150 3136 247 3205 rebus
261 3151 458 3225 quaesnones
471 3145 749 3216 moventur,entra
764 3157 836 3218 epos
882 3155 1042 3198 amman
1055 3133 1200 3201 iubenda
1317 3155 1326 3160 “

146 3235 231 3288 sunt.
539 3254 548 3278 ι

194 3310 321 3376 Lioebit
343 3324 448 3412 tamen
471 3308 726 3411 Potioraealtem
751 3309 851 3396 hujus
872 3307 1006 3395 generis,
1029 3307 1079 3407 rel
1102 3309 1199 3375 verbo

149 3419 577 3550 annuunt
590 3393 1199 3581 rennuendam
1300 3533 1305 3546 ,

149 3570 212 3651 ille,
228 3595 324 3659 quem
344 3583 538 3662 sequerenu,
553 3572 752 3636 Demetrium
768 3570 941 3656 Scepsium,
956 3589 990 3630 m
1003 3590 1041 3631 ue
1054 3566 1129 3632 locrs
1143 3590 1197 3633 na-

151 3670 232 3738 tum,
248 3657 304 3745 qui
323 3659 463 3724 loaorum
481 3655 592 3722 faeiem
612 3669 645 3722 et
663 3657 758 3722 situm
772 3654 825 3718 vix
843 3653 987 3742 ignorare
1005 3653 1128 3742 potuit3
1152 3654 1197 3718 vi.

146 3745 244 3810 detur
269 3757 393 3811 tuntum
418 3744 566 3833 antipae
589 3754 648 3809 aut
671 3743 740 3831 ejus
764 3754 849 3806 aetus
873 3761 988 3806 nomen
1014 3741 1196 3806 Scamandri

148 3830 343 3896 transtulisse
362 3832 395 3896 in
414 3831 614 3911 Simoentem,
630 3829 686 3918 qui
700 3853 720 3894 a
734 3827 946 3917 superioribus
961 3827 1040 3893 Idae
1053 3827 1196 3917 partibus

146 3918 320 3999 deseendit,
334 3917 523 3985 Scamander
536 3918 578 3983 ab
591 3916 797 3982 inferioribus.
832 3914 987 4002 Designat
1002 3915 1116 3981 Strabo
1129 3912 1197 3980 loce

97 4039 100 4050 ·
146 4004 297 4071 inferiora
310 4009 472 4072 eemndnan
484 4007 576 4071 sinam
589 4005 643 4069 Ilii
656 4004 748 4083 Novi,
762 4001 840 4067 dum
854 4001 996 4089 disputat
1009 4011 1118 4066 eontra
1130 4021 1194 4078 eoe,

169 4094 203 4158 ui
217 4092 298 4159 illud
312 4093 548 4158 amrfundebant
561 4113 634 4156 aum
650 4089 712 4156 Ilio
726 4091 854 4164 Vetere3
873 4087 931 4153 etsi
944 4100 977 4152 et
990 4087 1077 4176 apud
1090 4086 1195 4174 ipsum

148 4202 168 4243 o
222 4179 322 4246 atritas
340 4193 386 4246 est
404 4180 438 4244 in
452 4179 537 4245 Novi
553 4178 605 4244 Ilii
620 4178 692 4258 eitu,
711 4177 756 4264 (p.
772 4179 837 4247 892
852 4177 890 4242 C.
907 4175 949 4238 D.
964 4175 1004 4239 cf.
1027 4195 1059 4261 p.
1074 4171 1140 4238 886
1154 4171 1192 4237 Β.

146 4270 227 4355 neq.)
244 4289 326 4358 quae
348 4279 453 4337 tamen
473 4265 515 4332 ad
538 4269 716 4415 Homer-gum
738 4285 801 4329 non
823 4259 965 4350 pertinet.
1013 4259 1126 4326 Strabo
1146 4258 1194 4324 di-

619 4372 641 4418 a
