3008 5056
454 370 522 436 AD
546 368 695 436 ILI'AD.
718 373 750 434 P.
774 369 848 436 164.
1113 373 1175 440 111

127 536 281 619 diversus,
297 551 336 604 ut
353 537 388 604 in
405 538 521 639 lyricis,
536 553 568 607 et
588 539 768 608 mamaticis
787 539 939 608 nonnulla
959 553 1035 609 sunt
1055 542 1179 614 di‘rerra

128 625 168 691 ab
182 623 288 713 epicis.
335 625 485 725 Inprimis
503 627 606 692 multa
623 650 663 694 ex
684 626 889 696 dialectomm
906 628 1084 696 diversitate
1128 655 1178 697 ro-

128 709 210 776 fecta
229 724 322 786 sunt3
347 711 408 777 aba
424 712 498 778 inde
518 727 649 795 servata,
665 714 744 781 dum
764 713 825 778 alia
845 713 1057 784 exoleverunt.
1135 741 1178 784 ou

127 795 235 885 itaque
257 798 385 878 mirum,
402 799 427 864 si
443 800 552 865 Ionica
570 813 602 866 et
615 800 726 882 Attica
744 801 910 872 memorari
1000 814 1060 870 unt
1076 803 1179 870 diver-

128 884 392 1036 Ἓρῖεοῶω
410 886 591 1037 mutim
616 900 690 954 sunt
704 885 779 952 talia
792 910 920 986 quoque
969 888 1098 956 ericam
1111 893 1178 958 Ae-

127 993 147 1033 o
277 994 331 1038 acc
345 995 381 1036 ac
396 995 410 1036 s

520 973 562 1038 ad
575 972 730 1042 licentiam
744 987 898 1061 poeticam
911 973 992 1040 male
1006 975 1116 1042 referri
1129 1001 1177 1044 so-

127 1053 202 1136 lere,
218 1056 252 1133 in
266 1057 435 1146 propatulo
449 1070 504 1124 est.
550 1061 602 1125 Ea
615 1073 732 1140 autem,
748 1083 830 1147 quae
843 1059 929 1124 omni
943 1060 1055 1126 rationi
1073 1086 1178 1151 gram-

127 1143 260 1208 maticae
274 1156 307 1208 et
320 1145 502 1233 prosodicae
514 1159 705 1234 repugnant,
721 1168 785 1212 non
799 1159 864 1212 tam
882 1145 1024 1218 licentiae
1038 1149 1178 1236 poeticae

127 1230 255 1296 nomine
281 1244 355 1296 sunt
377 1232 505 1312 tuenda,
529 1256 631 1321 quam·
650 1232 757 1320 potius
781 1231 822 1298 ds
846 1233 1024 1322 corruptela
1045 1235 1178 1324 ejusque

126 1317 345 1386 emendatione
360 1330 407 1382 est
420 1318 631 1406 cogitandum.

170 1403 258 1468 Mihi
283 1428 359 1470 vero
384 1427 424 1470 ex
452 1405 513 1470 ista
536 1404 726 1485 diversitate,
771 1427 844 1469 uam
872 1405 967 1470 modo
995 1409 1175 1490 memoravi,

125 1487 220 1577 longe
231 1489 293 1555 alia
304 1491 482 1590 praeceptio
496 1493 631 1558 subnata
643 1504 701 1571 est,
713 1428 814 1558 mihta
826 1490 860 1556 in
873 1492 1043 1579 prosodicis
1057 1515 1116 1581 pro
1130 1495 1177 1560 di·

127 1576 235 1676 versis,
255 1577 497 1679 abhorrentibus
510 1591 542 1643 et
555 1577 761 1646 insolentibus
780 1577 889 1644 habita
902 1601 922 1642 a
934 1577 1054 1666 duplici
1074 1580 1176 1646 forma

126 1663 689 1839 milininiirrusiiinsdhiiirriiimgreansid
770 1748 823 1814 tici
843 1749 1012 1849 invidenda
1032 1751 1174 1834 felicitas,

127 1835 216 1934 qued
230 1837 372 1924 ejusdem
386 1836 475 1902 verbi
495 1851 560 1902 tam
576 1839 677 1938 sarias
696 1773 813 1902 ἔθεινε
831 1836 943 1936 habmt
961 1837 1141 1938 antiquitas,
1157 1863 1176 1906 e

126 1922 1177 2107 gpgpsprphfflmfflgmpgfflnpgffleg

128 2116 160 2156 m
179 2095 292 2183 poetis,
308 2095 450 2189 inprimis
469 2097 502 2161 in
523 2097 700 2162 Homericis
720 2096 854 2160 hberum
876 2120 970 2165 usum
991 2121 1050 2186 pro
1070 2097 1176 2166 lubitu

127 2193 182 2245 aut
195 2181 378 2248 necessitate
391 2183 576 2251 habuerant.
591 2242 595 2250 .
622 2184 733 2249 Habet
743 2181 822 2246 haec
835 2183 1010 2248 observatio
1029 2207 1177 2273 magrmm

127 2266 297 2333 utilitatem
310 2269 355 2334 ad
365 2269 575 2368 expediendas
589 2269 786 2335 difficultates
827 2269 990 2336 rosodicas.
1036 2272 1089 2336 Ita
1103 2293 1177 2336 cum

126 2353 269 2452 ejusdem
280 2355 368 2421 verbi
378 2355 439 2421 aha
448 2369 590 2444 tempora
599 2369 744 2444 correpta
753 2291 882 2443 sylhba,
894 2354 955 2420 alia
965 2355 1120 2444 producta
1129 2382 1177 2422 re-

126 2441 214 2507 crtari
227 2441 341 2518 solent;
358 2458 522 2508 revocatur
535 2443 601 2508 fere
615 2466 665 2508 res
676 2442 718 2506 ad
728 2440 879 2506 aoristum
895 2443 943 2507 11.
956 2454 988 2506 et
1003 2454 1144 2531 tempora
1157 2467 1177 2508 a

124 2526 238 2592 futuro
248 2529 386 2594 secundo
398 2528 502 2594 ducta.
526 2529 654 2594 Profuit
666 2528 721 2593 illa
733 2549 790 2591 seu
804 2526 884 2592 ratio
898 2541 1176 2611 seucommentum

126 2611 159 2677 in
177 2614 308 2690 multis;
332 2627 365 2679 at
382 2613 416 2678 in
434 2614 501 2680 aliis
519 2615 628 2681 haeret
646 2621 712 2681 res:
737 2628 774 2680 ut
794 2623 885 2698 κρῖναι,
906 2623 988 2700 uptus
1006 2615 1105 2692 bene;
1129 2628 1176 2682 at-

127 2711 233 2764 tamen
252 2724 273 2764 a
292 2712 373 2790 κρῖνον
386 2714 434 2766 est
448 2713 573 2789 κεκρῖτοιι
590 2702 731 2768 ductum.
753 2714 822 2779 λῦνι,
841 2713 931 2780 λῦσον,
952 2703 1105 2782 λῦσασθοιι,
1121 2715 1175 2768 >ui-

127 2812 211 2850 σατο.
234 2800 267 2851 et
283 2800 389 2852 tamen
408 2791 444 2870 αὴ
463 2790 490 2851 δὲ
508 2787 556 2866 βίον
578 2797 696 2854 λελῦται
717 2787 756 2852 Il.
773 2793 813 2854 Θ.
830 2788 903 2850 103.
925 2795 973 2852 τοῦ
994 2789 1015 2850 δ’
1030 2787 1090 2852 αὖθι
1108 2789 1176 2866 λῦθν]

127 2877 163 2936 Ε.
178 2872 246 2944 296
260 2885 293 2937 et
307 2873 376 2938 alia
400 2873 527 2939 Dicitur
539 2875 581 2940 ab
596 2886 657 2952 ῐκνι,
672 2886 744 2938 ῖκετο
760 2895 825 2938 esse
839 2872 1077 2959 imperfectum
1101 2885 1174 2938 ἵκετο

125 2959 262 3026 aoristus
278 2962 328 3026 ΙΙ.
373 2961 511 3025 Αινειο
525 2984 617 3048 saepe
630 2959 767 3024 occurrit
780 2968 865 3036 ῐκετο,
881 2958 938 3024 ubi
956 2958 1174 3046 imperfectum

126 3056 254 3133 tempus
258 3069 402 3156 prorsus
414 3045 557 3115 alienum
579 3057 643 3111 est:
667 3070 696 3108 v.
712 3059 745 3110 c.
758 3044 795 3113 Σ.
812 3041 863 3108 63.
880 3042 1010 3109 sasas·
1030 3045 1084 3128 εἶμ’
1104 3044 1175 3131 ὄφρα

126 3129 314 3212 ἵδοιμμ-οττι
328 3158 376 3215 μιν
389 3133 468 3212 ἵκετο
480 3133 582 3208 πένθος.
605 3131 648 3198 sic
661 3132 776 3196 iterum
790 3152 835 3194 vs.
849 3131 891 3197 73
905 3142 938 3194 et
951 3129 984 3194 in
998 3129 1100 3218 prima
1114 3143 1176 3194 sta·

128 3215 184 3281 tim
203 3218 374 3305 rhapsodia
386 3241 432 3282 vs.
449 3217 519 3284 362
533 3219 638 3298 τέκνον,
655 3217 688 3282 ,τί
705 3215 831 3292 saulem
855 3216 885 3280 τν’
901 3215 933 3284 δέ,
942 3242 975 3280 σε
989 3215 1085 3301 φρένας
1099 3216 1175 3284 ἵκετο

126 3302 228 3379 πένθος.
273 3304 435 3393 Expedita
455 3304 489 3368 in
507 3305 557 3369 his
576 3318 623 3370 est
641 3303 732 3382 ratio,
748 3303 773 3368 si
788 3313 973 3382 statuamus,
988 3301 1108 3400 duplex
1124 3301 1175 3366 fu-

125 3388 186 3454 isse
200 3391 334 3455 verbum
348 3390 483 3456 alterum
496 3390 662 3479 producta,
677 3389 812 3476 alterum
830 3401 973 3486 correpta
985 3411 1097 3538 lpriore
1114 3387 1176 3487 syl-

127 3475 218 3551 laba3
242 3477 301 3542 etsi
315 3477 375 3542 hoc
389 3476 523 3542 alterum
538 3477 643 3542 ἵκέσθαν
664 3499 749 3542 nunc
768 3475 939 3540 scribrmus.
1005 3473 1067 3538 nde
1081 3487 1175 3542 eoam

126 3563 164 3627 fit
179 3575 218 3626 ut
233 3563 318 3626 ἱκάνω
335 3562 454 3651 duplici
473 3563 576 3628 forma
591 3574 735 3630 occurrat
749 3571 833 3625 ῖκανοι
846 3572 878 3623 et
893 3571 988 3624 ἵκανον.
1011 3562 1173 3625 nealal

127 3649 374 3806 ΞςάΧρύοὲηέἐκανε
389 3647 530 3728 erasas
544 3649 625 3736 μίγα
641 3649 731 3724 πένθος
746 3647 886 3733 Ἀχαιΐδα
905 3650 992 3732 γαῖαν
1012 3657 1111 3712 ἵκανεν.
1133 3646 1174 3712 cf.

173 3822 227 3884 Ita
244 3814 382 3886 statuere
399 3844 528 3908 quoque
546 3819 619 3886 licet
636 3819 732 3886 fuisse
752 3819 831 3884 duas
850 3817 925 3882 olim
943 3817 1176 3884 formasses

127 3915 194 3972 ἄνα.
218 3907 418 3972 estenim'ab
430 3908 489 3972 hac
504 3905 602 3972 altera
614 3907 716 3972 forma
734 3913 816 3970 ἄνοον.
863 3903 966 3968 Sion.
982 3903 1175 3969 56“οῠκᾶνῦω

127 3992 289 4076 φθονέονσα.
333 3995 382 4058 At
400 4007 456 4058 οἳνα
478 3992 660 4080 aliquoties:
685 3999 725 4056 K.
742 3993 803 4056 251
828 3992 894 4054 ἀλλ’
914 3989 1000 4072 ἴομεν,
1015 3989 1099 4071 μάλα
1115 3994 1175 4076 γὰρ

129 4081 178 4158 νὺξ
191 4077 299 4146 ἄνεται.
332 4078 396 4144 Od.
410 4085 445 4144 B.
459 4083 512 4144 58.
535 4085 568 4143 Ρ.
583 4081 648 4147 537
661 4083 758 4144 πολλοὶ
772 4075 932 4140 κατάνεται.
971 4072 1116 4146 Occurrit
1131 4089 1176 4138 ta-

129 4187 201 4248 men
216 4188 275 4229 nec
289 4164 393 4230 minus
407 4169 445 4233 Σ.
458 4167 522 4233 473
536 4167 585 4240 καὶ
600 4165 679 4252 ἔργον
693 4168 793 4229 ἄνοιτο.
810 4161 866 4227 ubi
879 4185 909 4225 v.
926 4160 1017 4226 Obss.
1033 4159 1121 4226 etad
1136 4166 1174 4225 K.

127 4253 201 4318 251.
241 4252 360 4316 Verum
373 4273 600 4339 persequamur
613 4251 716 4339 primo
729 4248 798 4314 loeo
811 4247 933 4335 reliqua
947 4245 1122 4312 Clarkiann.

169 4336 230 4403 Ad
245 4339 341 4402 Α.51
357 4339 440 4419 βέλος
455 4338 603 4424 ἐχεπευκὲς
621 4339 712 4423 ἐφιεὶς,
726 4358 807 4423 quae
827 4331 973 4420 apposuit
990 4331 1030 4396 de
1050 4331 1177 4421 syllabis
