3008 5056
254 425 255 428 Ἴ
337 349 402 415 lat
661 399 665 406 .
695 343 948 412 EXCURSUS
969 343 1019 422 11.

332 522 382 589 87
394 517 551 617 ὃφΧςόσην
561 515 760 602 ἇμφὶβὲβηκας
773 515 920 606 apposuit
933 515 1166 604 detemporum
1179 537 1254 582 vera
1267 527 1383 582 lutura

334 619 372 672 et
384 604 555 680 divisrom:
579 627 644 670 esse
665 604 748 670 enim
770 603 870 670 omnis
891 603 979 668 verbi
1000 615 1143 691 tempora
1155 615 1281 691 tempus
1292 623 1387 686 praa,

338 693 469 772 teritum,
481 711 625 774 maetas:
646 703 677 755 et
691 689 845 774 ficantur,
868 688 1065 777 unumquod'
1078 713 1119 754 ue
1136 689 1252 754 iterum
1265 688 1312 752 rei
1326 689 1383 752 irn-

334 777 489 862 perfectae
513 788 545 842 et
568 777 614 842 rei
634 775 788 860 perfectae
795 800 810 854 ,·
831 775 877 841 ita
898 799 936 841 v..
954 799 980 840 c.
1007 775 1059 841 abi
1150 773 1278 840 abierat.
1303 773 1382 854 abit,

333 862 423 929 abiit
450 861 560 943 abibit,
586 863 705 931 abierit„
731 861 910 952 praestabat
933 885 1046 950 graeca
1070 860 1203 932 addere:
1236 860 1384 942 ἄήβαινε,

337 950 522 1062 ἂτοβιξήκιι,
547 948 704 1031 ἀποβαίνει,
728 947 889 1048 daupidane
913 961 946 1012 et
969 947 1074 1026 ἀπέβη.
1099 947 1250 1047 ἀῃοβῆσει,
1275 949 1385 1028 ἀποβή-

334 1034 1265 1221 tttctttffitfflffihttffltffl
1283 1143 1317 1220 0,
1331 1055 1386 1184 ri

334 1207 426 1273 fenea
447 1208 488 1273 ab
511 1206 589 1288 aliis,
607 1207 701 1272 etiam
720 1230 741 1272 a
758 1207 827 1272 viro
847 1219 1025 1272 acunssrmo
1047 1207 1089 1270 R.
1114 1207 1232 1294 Payne
1245 1207 1383 1294 nght.

338 1293 473 1394 Scilicet,
486 1293 587 1382 logice
600 1306 684 1359 recte
697 1316 730 1360 se
742 1294 840 1359 habet
853 1292 1047 1369 observatio:
1070 1313 1134 1357 non
1147 1313 1223 1357 vero
1236 1315 1299 1358 um
1314 1289 1384 1358 vul·

332 1379 539 1532 inhabililiuui
552 1379 693 1566 {⁰33
702 1466 892 1555 exsequaris,
915 1465 1049 1554 quodvis
1073 1476 1385 1564 tempusemomenta

331 1551 432 1617 habet
445 1550 557 1640 plura:
578 1568 613 1620 at
626 1553 750 1644 smgula
761 1576 827 1619 non
839 1564 974 1642 possunt
986 1573 1126 1618 sermone
1146 1551 1311 1650 dnnngur,
1326 1573 1386 1616 nec

321 1651 374 1722 „ut
395 1636 631 1728 distinguantur
651 1661 774 1705 necesse
795 1653 861 1716 est:
886 1637 1000 1704 sufficit
1019 1638 1081 1705 tria
1094 1661 1159 1704 esse
1173 1657 1303 1703 omnmo
1315 1659 1384 1702 mo-

332 1737 453 1803 menta,
468 1725 683 1811 praeteritum,
698 1747 845 1826 praesens
865 1736 898 1790 et
917 1724 1089 1801 futurum:
1105 1724 1182 1789 baec
1194 1723 1387 1811 plerumque

283 1889 287 1897 Ι
335 1809 486 1907 pinguius
498 1823 662 1898 ponuntur
673 1836 683 1888 ;
706 1812 867 1877 mterdum
880 1822 985 1876 tamen
998 1833 1048 1876 res
1061 1810 1107 1874 ita
1118 1809 1201 1875 ferre
1214 1822 1330 1897 potest,
1347 1823 1386 1876 ut

335 1917 370 1960 sn
392 1895 572 1982 praeterito,
586 1897 742 1998 praesenti
760 1909 793 1962 et
813 1897 925 1966 futuro
945 1897 1061 1964 iterum
1073 1895 1299 1961 discernantur
1317 1896 1387 1962 duo

336 1993 506 2062 momenta,
521 1982 567 2046 rei
582 2005 651 2070 Jam
672 1983 833 2049 absolutae
846 2006 883 2049 ac
896 1984 1064 2072 perfectae,
1078 1995 1112 2048 et
1132 1981 1261 2048 actionis
1277 1982 1385 2048 adhuc

335 2067 488 2133 durantis.
534 2070 625 2135 Haec
646 2069 791 2136 universe
811 2070 1015 2158 pronuntiata
1026 2070 1154 2135 bene-se
1167 2069 1296 2148 habent,
1311 2089 1384 2156 pos-

336 2166 411 2219 sunt
424 2153 518 2220 etiam
532 2155 683 2244 exemplis
700 2157 869 2222 verborum
890 2154 1050 2235 declarari,
1066 2155 1128 2220 uti
1197 2154 1383 2243 proposuit:

331 2241 466 2320 abierat,
482 2241 605 2317 abibat:
628 2243 815 2322 obtineat,
837 2242 955 2322 abierit,
978 2243 1083 2306 abibit.
1151 2239 1292 2305 nimvero
1313 2240 1383 2328 ipso

335 2324 485 2413 loquendi
510 2351 572 2392 usu
598 2341 666 2393 tum
689 2327 978 2417 linguam—more
999 2339 1032 2394 et
1053 2327 1202 2392 sermonis
1221 2323 1328 2394 indole
1349 2329 1383 2392 in

334 2411 443 2478 multis
456 2413 612 2479 subtilitas
624 2414 685 2479 ista
697 2413 799 2503 logica
812 2436 877 2480 non
890 2414 1090 2491 observatur:
1114 2413 1241 2481 omnino
1255 2425 1395 2502 tempus.

333 2498 537 2585 praeteritum
551 2499 720 2566 adhibetur
733 2501 920 2590 promiscue,
931 2499 1027 2566 modo
1040 2498 1270 2588 imperfectum,
1285 2500 1383 2566 modo

333 2584 530 2672 perfectum:
559 2599 722 2673 praeterea
743 2588 852 2654 eadem
881 2585 1034 2651 sententia
1058 2600 1090 2652 et
1119 2585 1293 2652 enuntiatio
1317 2607 1383 2652 non

334 2689 401 2734 uno
421 2670 517 2736 modo
536 2684 641 2759 potest
660 2673 847 2761 cogitatione
867 2670 999 2760 concipi,
1014 2685 1047 2737 et
1059 2684 1165 2760 potest
1180 2671 1262 2737 actio
1275 2671 1383 2760 aliqua

318 2777 398 2842 ⁸nou
420 2778 486 2821 uno
507 2757 603 2823 modo
623 2771 707 2824 roete
728 2757 876 2838 enarrari,
893 2757 1024 2823 diversis
1046 2757 1195 2846 temporis
1215 2758 1382 2825 momentis

333 2842 512 2910 enuntiata:
536 2857 640 2933 potest
660 2844 694 2909 iu
715 2857 841 2933 tempus
856 2845 925 2932 jam
946 2845 1269 2933 praeteritum-rejici,
1284 2843 1380 2910 modo

333 2940 484 3017 tanquam
504 2930 595 2996 finita
614 2929 710 2996 modo
730 2944 882 3019 tanquam
903 2930 1038 3030 durante
1054 2930 1186 3010 actione,
1202 2930 1300 3030 modo
1313 2943 1381 2996 tan-

331 3029 838 3182 taene
861 3017 993 3168 tan
1009 3016 1380 3192 tauream:

330 3198 576 3275 pmposrtronem
604 3188 733 3255 diversis
748 3189 957 3277 :temporibus
984 3189 1156 3255 enuntiare.
1209 3188 1378 3254 Interdum

331 3272 430 3340 altera
450 3273 530 3360 ratio
551 3272 640 3340 alteri
661 3275 795 3341 sermoni
813 3288 862 3341 est
878 3275 1140 3342 accommodatior
1153 3285 1185 3340 et
1199 3298 1261 3340 usu
1273 3275 1378 3363 magis

330 3357 539 3469 frequentata.
585 3361 681 3440 Quod
701 3362 768 3450 ipse
788 3361 930 3426 laudate
946 3359 1117 3448 Sophocle:
1140 3359 1169 3437 ὃς
1182 3365 1256 3446 μετὰ
1271 3360 1379 3444 ζώντων

332 3444 371 3508 tr
386 3469 428 3524 ην,
443 3445 516 3522 ἥκου’
530 3443 646 3534 ἄριστα,
661 3461 745 3524 recte
758 3447 874 3536 poterit
887 3446 983 3512 latine
997 3446 1104 3512 reddi:
1128 3447 1273 3533 quamdin
1286 3447 1377 3526 vicit,

332 3528 514 3613 bonafama
617 3543 630 3597 t
637 3557 651 3610 ,-
673 3533 732 3604 etsi
752 3557 865 3622 graeca
885 3532 1005 3598 variata
1025 3545 1116 3598 sunt:
1139 3533 1285 3619 pamas
1297 3537 1378 3600 otve-

332 3617 396 3696 hat,
411 3619 490 3681 bona
517 3639 590 3682 ama
602 3621 753 3685 utebatur.
1252 3639 1255 3646 '

374 3705 423 3768 At
444 3714 520 3767 sunt
540 3703 641 3768 multa
661 3703 722 3769 alia
741 3705 820 3786 loca,
835 3706 869 3770 in
890 3705 1007 3793 quibus
1027 3718 1205 3793 temporum
1219 3703 1301 3770 ratio
1313 3727 1379 3772 ma·

324 3789 396 3880 jore
410 3787 581 3854 subtilitate
594 3788 726 3878 indiget,
741 3806 902 3857 uteorum
916 3815 949 3856 se
963 3787 1184 3879 excipientium
1199 3791 1328 3878 sequela
1346 3805 1377 3857 et

329 3875 409 3942 ordo
422 3874 497 3974 ipsis
510 3874 605 3939 rebus
618 3877 824 3964 respondeat:
849 3891 896 3956 ut,
911 3899 994 3965 quae
1008 3877 1227 3942 antecesserint
1240 3889 1273 3942 et
1286 3878 1376 3943 abso-

328 3961 398 4028 luta
417 3973 489 4041 srnt,
504 3960 566 4026 alio
588 3975 728 4114 tempore
748 3963 963 4044 enuntientur,
978 3987 1074 4052 quam
1089 3963 1314 4050 subsequentia
1322 3964 1376 4031 uel

330 4047 478 4148 durantia
488 4060 529 4113 ,et
547 4045 632 4136 impe
661 4061 749 4126 ecta:
774 4050 936 4116 ducuntur
949 4049 1023 4116 hinc
1035 4063 1204 4138 praecepta
1215 4049 1256 4114 de
1269 4073 1375 4122 conse

321 4148 483 4222 ¹quutrone
498 4146 685 4222 temporum.

372 4219 554 4306 Secundum
576 4222 664 4302 haec,
688 4244 770 4310 quae
791 4222 972 4309 unicuique,
995 4223 1051 4310 qui
1075 4223 1215 4288 animum
1234 4221 1374 4288 adhaec

316 4304 616 4387 'adverterit-facile
631 4321 809 4390 occurrent,
825 4321 935 4398 poetae
949 4331 1012 4376 uon
1034 4321 1098 4375 tam
1120 4308 1248 4375 licenter
1260 4321 1371 4396 agunt,
