2998 5052
513 373 581 439 AI)
606 375 755 444 ILIAD.
780 379 820 438 Ω.
1116 379 1182 442 245

465 636 760 714 EXCURSUS
799 637 849 710 ΙΙ.

178 755 225 820 De
239 755 340 822 iliade
353 758 498 838 sommae,
513 769 544 824 et
558 761 597 824 de
611 758 676 847 cp'ae
686 761 835 845 portibus,
851 759 1138 850 rhapsodiorumqoe

578 869 732 934 compage.

244 959 311 1037 νᾶφε
326 957 373 1020 καὶ
388 953 510 1040 μίμνασ’
525 959 660 1024 ἀπιστεῖν.
683 955 770 1046 ἄρθρα
785 963 877 1022 ταῦτα
890 964 945 1022 τῶν
960 967 1066 1045 φρενῶν.

176 1069 330 1134 Vetustati
352 1094 389 1135 ea
409 1070 543 1136 debetur·
561 1073 744 1152 reverentia,
761 1086 798 1138 ut
817 1073 886 1162 ejus
904 1073 1120 1138 auctoritatem
1138 1099 1175 1141 ac

137 1154 225 1220 tidem
240 1155 382 1245 religiose
396 1180 566 1238 servemus,
581 1181 639 1224 nec
658 1172 774 1224 temere
788 1172 820 1224 et
833 1159 1073 1248 praecipitanter
1091 1161 1176 1227 labe-

136 1239 297 1318 factamus3
314 1243 411 1308 altera
425 1258 530 1310 tamen
544 1269 583 1310 ex
597 1260 687 1334 parte
701 1246 769 1334 ipsa
782 1247 945 1311 vetustatis
959 1246 1096 1335 cognitio
1109 1248 1176 1314 duo

135 1328 219 1393 nobis
233 1344 400 1482 praecqpta
413 1331 562 1431 injunxit,
565 1332 680 1484 'primo
699 1346 736 1397 ut
746 1331 833 1432 nihil
851 1334 910 1398 nisi
924 1357 964 1397 ex
978 1330 1174 1421 antiquitatis

136 1438 222 1481 sensu
245 1429 277 1481 et
298 1441 330 1482 tn
353 1418 402 1482 ole
423 1418 543 1484 drotum
579 1433 723 1485 actumve
744 1433 1004 1508 interpretemur3
1028 1420 1173 1501 alterum,

134 1515 167 1567 ut
181 1525 287 1568 rerum
300 1505 342 1570 ab
356 1527 393 1569 ea
406 1505 593 1571 creditarum
610 1520 641 1572 et
656 1507 839 1571 traditarum
859 1506 955 1571 fidem
974 1506 1176 1595 fundumque

132 1588 519 1741 1tiliggtqntcrexploremusr
550 1593 646 1658 Fides
659 1594 742 1658 enim
757 1593 936 1681 antiquitati
950 1592 1059 1658 habita
1071 1607 1103 1693 et
1117 1617 1174 1694 per

242 1677 366 1742 saecula
379 1678 419 1743 ad
434 1701 492 1744 nos
506 1678 610 1744 delata
623 1695 728 1745 ortum
743 1693 775 1744 et
787 1679 979 1745 incunabula
995 1680 1107 1746 habuit
1125 1703 1173 1746 m-

133 1773 177 1826 ter
198 1787 252 1828 eos
273 1762 424 1840 homines,
447 1765 503 1853 qui
524 1789 630 1831 rerum
655 1766 783 1847 notitiis,
806 1767 916 1832 litteris
939 1780 971 1831 et
1016 1766 1171 1846 rudentis,

124 1850 271 1916 mondum
285 1851 330 1916 ita
343 1867 432 1918 erant
445 1851 600 1932 instructi,
615 1867 653 1918 ut
671 1853 712 1918 de
733 1853 945 1918 narrationum
967 1790 1030 1918 fide
1044 1876 1081 1918 ac
1094 1855 1175 1918 veri-

131 1947 192 2001 tate
206 1951 350 2002 accurate
365 1952 561 2026 quaererent,
576 1952 633 2005 aut
654 1941 820 2006 memoriae
837 1955 981 2029 acceptae
1003 1939 1175 2029 primordia

132 2036 161 2088 et
182 2038 334 2112 tanquam
354 2026 486 2091 stamina
505 2027 607 2116 prima
626 2027 867 2115 investigarent;
892 2027 965 2091 satis
984 2027 1021 2091 iis
1034 2039 1111 2106 erat,
1127 2027 1172 2107 id,

130 2111 214 2196 quod
236 2112 389 2177 traditum
411 2136 482 2178 acce
522 2129 604 2192 rant,
627 2114 683 2178 etsi
705 2137 762 2179 nec
786 2128 975 2202 temporum,
997 2113 1171 2194 hominum,

129 2219 233 2262 rerum
256 2198 430 2267 rationibus
452 2224 489 2264 su
512 2200 607 2265 tiliter
628 2201 773 2280 definitis,
794 2225 930 2280 narrare,
948 2199 1057 2266 ceteris
1077 2201 1174 2288 majo-

128 2305 197 2348 rum
213 2285 333 2350 notitiis
346 2311 382 2351 ac
398 2287 554 2353 memoriis
568 2287 702 2352 inserere
712 2287 762 2352 vel
776 2301 925 2366 attexere,
937 2287 1040 2352 verbis
1054 2310 1090 2351 ac
1105 2309 1173 2350 sen-

130 2371 234 2436 tentiis
259 2395 380 2438 ornare.
427 2373 459 2438 Si
484 2375 591 2474 itaque
615 2397 682 2439 rem
705 2388 787 2439 recte
808 2373 970 2439 aestimare
991 2373 1173 2452 institueris,

127 2459 304 2547 apparebit,
326 2483 417 2547 posse
437 2461 546 2526 haben
567 2459 687 2548 aliquid
707 2460 788 2526 inter
809 2483 857 2540 ea,
877 2483 959 2547 quae
980 2459 1176 2546 antiquitatis

127 2546 315 2610 auctoritate
337 2545 395 2610 niti
420 2547 602 2628 creduntur,
626 2547 714 2635 quod
739 2562 842 2612 tamen
864 2547 905 2612 ab
927 2545 1021 2610 unius
1041 2545 1175 2611 hominis

126 2631 285 2718 opinione,
300 2633 383 2696 forte
396 2633 522 2699 levitate
543 2657 579 2700 ac
599 2634 781 2713 temeritate,
796 2634 984 2722 profectum,
999 2632 1040 2697 ab
1054 2632 1102 2713 iis,
1118 2631 1174 2721 qui

124 2719 219 2806 primi
236 2743 345 2784 rerum
362 2719 489 2785 notitias
509 2721 702 2812 collegerunt
718 2734 751 2785 et
770 2721 885 2810 scripto
904 2719 1113 2799 tradiderunt,
1124 2734 1173 2810 te-

124 2827 208 2870 mera
223 2819 399 2894 arreptum,
411 2832 485 2873 mox
499 2809 580 2874 inter
594 2809 739 2897 antiquas
752 2808 917 2873 memorias
930 2807 1034 2872 locum
1048 2807 1173 2872 obtinu-

124 2892 192 2972 erit,
204 2917 359 2981 nuncque
367 2895 532 2960 vetustatis
546 2896 730 2962 auctoritate
745 2919 777 2960 se
791 2907 927 2963 tueatur.
952 2893 1040 2958 Nihil
1054 2893 1172 2980 itaque,

124 2981 212 3066 quod
227 3003 294 3045 non
308 2980 367 3044 viri
387 2981 589 3070 intelligentis
608 2996 640 3047 et
659 2981 824 3082 prudentis
845 2980 945 3046 officio
966 2979 1097 3068 dignum
1121 2979 1175 3058 sit,

122 3089 217 3155 agere
239 3066 341 3132 videri
360 3068 455 3134 debet
473 3069 510 3149 is,
527 3069 594 3157 qui,
609 3084 809 3158 antiquarum
831 3066 995 3134 memorias
1013 3079 1173 3146 excutere,

120 3153 329 3242 fundumque
342 3177 379 3220 ac
393 3155 512 3220 fontem
527 3156 701 3243 exquirere,
713 3155 752 3219 ad
769 3154 865 3220 studii
879 3152 1024 3220 doctioris
1037 3153 1174 3218 rationes

76 3276 79 3280 ·
122 3255 268 3327 spectare
282 3253 383 3330 putet.
416 3241 515 3308 Redit
528 3257 635 3308 autem
648 3265 741 3308 omne
755 3243 815 3308 hoc
829 3241 969 3306 studium
983 3239 1025 3304 ad
1038 3239 1172 3328 primam

119 3349 229 3394 rerum
253 3328 445 3394 creditarum
465 3330 693 3409 auctoritatem,
718 3342 753 3394 ut
773 3328 952 3416 indagetur,
974 3326 1031 3415 qui
1051 3327 1178 3416 primus

118 3429 234 3481 auctor
255 3415 364 3494 fuerit,
380 3438 444 3503 qua
462 3415 536 3495 fide,
552 3440 617 3504 quo
633 3415 765 3504 judicio,
780 3415 808 3480 is
824 3439 872 3494 aa,
887 3438 970 3503 quae
988 3437 1073 3478 nunc
1090 3414 1174 3479 inter

119 3501 229 3602 vulgo·
248 3502 370 3568 credita
393 3503 585 3582 referuntur,
612 3503 796 3568 tradiderit:
822 3525 935 3600 neque,
961 3501 987 3565 si
1013 3500 1174 3566 subtiliore

113 3587 244 3676 judicio
268 3589 376 3668 utaris,
399 3589 464 3654 ulla
487 3589 620 3654 finnitas
643 3589 717 3654 satis
738 3589 851 3653 idonea
872 3600 953 3652 mest
975 3600 1172 3675 argumento,

117 3677 209 3762 quod
225 3674 330 3764 vulgo
345 3676 485 3755 affertur,
503 3683 594 3764 “per
611 3689 709 3742 totam
730 3674 948 3762 antiquitatem
967 3673 1088 3761 aliquid
1109 3697 1174 3740 cra-

119 3762 271 3828 “ditum
293 3761 397 3842 esse?
419 3762 591 3828 videndum
613 3763 696 3828 enim
715 3775 762 3826 est
780 3761 981 3850 primo-loco,
997 3760 1076 3826 sitne
1090 3773 1173 3826 recte

116 3849 295 3915 creditum.

160 3938 225 4001 De.
238 3935 420 4001 Homericis
441 3937 631 4002 comunibus
651 3936 783 4036 ipsoque
805 3939 947 4002 Homero
968 3935 1173 4000 obtinuerunt

113 4037 223 4090 certae
240 4023 470 4110 persuasiones,
486 4047 565 4111 quaa
583 4023 652 4113 ipsa
670 4024 840 4111 antiquitas
859 4023 1094 4108 multorumque
1110 4043 1175 4085 saa-

113 4110 272 4176 culorum
294 4109 445 4176 dactusus
465 4121 661 4175 conservasse
680 4110 817 4189 videtur,
839 4109 884 4174 ita
905 4121 952 4187 ut,
973 4107 1030 4173 etsi
1050 4106 1089 4171 de
1104 4107 1174 4170 Ho-

112 4221 206 4262 mero
230 4195 314 4260 nihil
334 4209 486 4274 constare,
504 4196 604 4284 ipsam
625 4197 769 4284 patriam‚
785 4196 948 4284 originem,
963 4193 1070 4272 vitam,
1086 4193 1174 4280 igno-

112 4283 191 4364 rari,
208 4281 315 4370 vulgo
332 4282 566 4370 pronuntietur,
579 4299 705 4371 recepta
726 4297 830 4348 tamen
853 4281 914 4347 sint
935 4279 1090 4345 nonnulle
1108 4293 1175 4344 tan-

112 4395 216 4462 quam
232 4368 433 4458 indubitata,
449 4369 545 4458 fuisse
564 4370 700 4457 aliquem
723 4366 985 4456 Homerumqui
1005 4366 1042 4432 iis
1057 4378 1177 4461 tempo-

153 4476 155 4478 ·
606 4459 663 4522 s3
