3008 5056
456 345 524 410 AD
548 347 698 413 ILIAD.
720 351 756 412 T.
779 349 853 414 ast.
1115 349 1178 417 155

129 527 213 580 runt.
261 515 449 602 Alptntnto
467 517 609 584 nondum
630 517 775 584 absoluto
788 533 821 584 et
834 518 956 607 integnb
969 520 1102 608 primm
1123 507 1181 586 de-

129 600 331 752 scriptionem
345 603 460 668 factam
474 627 550 686 esse,
565 605 735 694 antiquitas
748 605 818 694 ipsa
831 604 904 670 satis
913 605 1033 705 arguit.

194 710 216 750 n
244 689 306 753 hoc
331 687 400 776 ipro
424 703 529 755 tamen
553 690 698 792 neglectu
722 714 785 756 non
809 691 962 756 eliminari
1042 713 1117 758 nere
1138 715 1179 756 ex

130 773 278 838 Homero
299 774 431 862 vestig'm
451 775 601 864 digammt
619 777 734 858 omnia,
749 790 781 842 et
794 777 874 842 mira
885 777 984 866 depre
1006 778 1132 844 enditur
1144 777 1178 842 in

129 859 250 960 multis·
256 860 473 942 inconstantia,
488 886 528 928 ex
549 885 648 962 eeqne
667 864 757 952 apud
778 861 906 929 sederes
921 864 1066 930 successit
1079 864 1183 930 varia-

127 947 692 1132 ntrrdm
702 949 816 1124 533
830 949 1049 1103 3353
1061 950 1181 1116 itt:

127 1140 201 1182 amr
227 1119 363 1184 molhori
388 1143 479 1209 saepe
506 1121 732 1188 intolerabiles:
761 1135 794 1187 et
817 1122 852 1188 hi
875 1122 936 1212 ipsi
960 1121 1066 1188 hiatus
1087 1121 1182 1187 suere

126 1227 271 1286 caussae,
287 1229 369 1293 quae
382 1208 520 1288 effecere,
536 1221 574 1273 nt
587 1208 737 1296 digammi
753 1208 875 1296 pristini
895 1207 1084 1276 desiderium
1106 1209 1182 1274 sub-

126 1305 334 1366 nasceremrt
357 1295 529 1381 appnebat
549 1294 631 1360 enirn
653 1295 687 1360 in
707 1308 811 1382 poeta,
826 1295 882 1382 qni
901 1293 1006 1360 hiatus
1023 1293 1178 1360 elisatam

126 1377 272 1443 studiose
285 1377 410 1460 ritaret,
423 1381 515 1446 certis
529 1393 633 1446 tamen
646 1381 680 1446 in
694 1380 779 1446 verb'
851 1394 963 1470 rpetuo
983 1380 1105 1446 hiatum
1124 1382 1182 1446 ad-

49 1519 59 1527 .
126 1463 259 1530 mittere
272 1479 346 1529 ante
362 1465 444 1531 vocis
464 1489 484 1531 a
505 1466 604 1532 vocali
625 1467 771 1543 initium
826 1490 847 1531 a
859 1467 1033 1532 oboervatio
1044 1489 1118 1532 cum
1134 1491 1181 1544 se-

126 1550 194 1615 mel
219 1550 362 1618 animum
386 1552 541 1633 subiisset,
560 1551 716 1642 patefacta
735 1567 783 1618 est
805 1553 856 1618 via
876 1553 918 1618 ad
938 1551 1181 1640 assequendum,

125 1636 285 1702 excidisse
298 1659 476 1719 consonari,
491 1653 524 1704 et
537 1637 627 1704 facile
640 1638 749 1704 incidit
761 1639 924 1704 hominum
940 1639 1104 1704 doctorum
1120 1639 1180 1703 sol-

125 1721 225 1788 lertia
238 1722 272 1787 in
286 1724 480 1811 digammum
494 1725 583 1813 quod
596 1723 745 1790 excidisse
758 1739 815 1790 aut
828 1725 979 1791 extritum
996 1748 1062 1790 esse
1124 1737 1181 1790 tet.

128 1813 257 1876 Verum
279 1809 469 1898 antiquiores
495 1825 616 1900 poetae,
638 1811 819 1899 quibusde
842 1810 992 1900 digammi
1011 1833 1073 1876 usu
1115 1811 1180 1876 aud

126 1897 315 1977 constabat
324 1897 419 1962 modo
439 1897 651 1964 adsueverunt
670 1897 819 1976 hiatibus,
832 1895 939 1978 modo,
954 1909 1100 1962 monente
1116 1921 1182 1962 me·

127 1981 374 2082 ¹1⁰‚ptrtlculis
393 1984 624 2136 intem&
638 1998 724 2063 arnt,
738 1999 776 2049 ut
797 2007 870 2048 enm
892 1981 1054 2059 tollerent;
1076 2005 1182 2083 gram:
1254 2019 1256 2024 ·

128 2068 243 2133 manci
265 2083 373 2135 autem
397 2070 430 2134 in
593 2069 664 2136 ndis
693 2069 871 2136 Homericis
894 2069 1084 2135 carminibus
1111 2086 1181 2158 pan
1231 2103 1238 2114 ·

129 2154 233 2219 modo
245 2154 307 2219 alia
319 2155 559 2244 interpohnrnt,
573 2156 607 2220 in
620 2156 688 2222 aliis
700 2157 823 2221 hiatum
834 2155 1037 2244 reliquerunt.

12 2259 18 2268 ’
175 2241 405 2306 Obmrvatione
417 2241 526 2330 itaque
539 2242 736 2330 diligentiore
748 2241 911 2330 explorata
923 2241 1031 2306 haberi
1049 2253 1182 2329 possunt

93 2327 312 2398 *beandum
335 2328 377 2393 ab
398 2327 570 2394 Homerico
589 2349 732 2394 sermone
749 2327 909 2411 recessisse
930 2327 1088 2414 sequiores
1108 2349 1183 2415 pos-

128 2427 192 2494 tas,
210 2413 268 2502 qni
282 2410 410 2503 quidem
420 2415 603 2480 hexametro
613 2425 788 2493 uterentur,
802 2435 910 2480 omnes
923 2413 957 2478 in
971 2435 1052 2511 usus·
1061 2412 1182 2500 digam-

129 2501 175 2566 mi
201 2501 395 2576 constantin
419 2521 485 2566 esse
506 2515 664 2567 servatum
684 2500 807 2565 hiatum
821 2500 854 2564 in
868 2499 946 2579 aliis,
961 2498 995 2563 in
1014 2497 1082 2564 abis
1101 2497 1184 2564 voci-

128 2583 198 2653 bus
216 2587 319 2652 caveri
339 2586 485 2663 solitum
509 2601 661 2676 natosque
673 2586 747 2652 hinc
759 2609 826 2652 esse
840 2585 941 2650 varias
953 2583 1185 2651 observationes

129 2672 326 2773 prosodices,
342 2673 375 2737 in
391 2675 534 2772 Homero
547 2674 635 2738 haud
655 2673 775 2752 obvias,
790 2671 849 2738 nisi
870 2671 925 2737 ubi
944 2669 996 2736 ille
1016 2671 1186 2760 interpola·

131 2775 222 2826 tuone
236 2771 285 2824 cst
298 2771 535 2826 contaminatus.

178 2845 344 2932 Digammi
366 2851 460 2910 usum
480 2845 705 2910 inconstantem
719 2842 953 2932 deprehendere
973 2842 1045 2907 licet
1061 2844 1129 2931 jem
1150 2843 1183 2908 in

133 2931 302 2998 Hesiodo:
325 2931 360 2996 id
380 2931 468 3018 quod
488 2931 685 3018 exploratum
706 2929 809 2994 habeo
821 2951 894 2993 cum
907 2951 948 2993 ex
961 2928 1093 3016 repetita
1114 2930 1184 3018 ejus

131 3013 393 3105 interpretatione
407 3029 476 3082 turn
490 3039 530 3081 ex
545 3017 660 3097 studio,
676 3039 741 3104 quo
755 3037 828 3079 eum
842 3013 884 3080 ad
898 3013 1040 3079 metricas
1054 3014 1138 3103 leges
1152 3027 1185 3080 et

131 3103 290 3193 digammi
304 3125 398 3167 usum
411 3103 563 3170 revocavi.
608 3105 726 3169 Verum
748 3115 853 3166 tamen
866 3100 900 3165 in
916 3099 1059 3165 Hesiodo
1071 3124 1121 3166 res
1134 3125 1185 3167 ac-

131 3189 326 3256 curatiorem
346 3202 379 3254 et
400 3187 593 3255 subtiliorem
613 3187 883 3276 investigationem
903 3186 1071 3268 desiderat,
1085 3211 1186 3276 quan·

131 3274 321 3364 doquidem‚
336 3275 423 3364 quod
437 3276 506 3363 jam
527 3287 600 3340 ante
620 3276 734 3340 XXX
756 3288 788 3340 et
810 3273 898 3362 quod
918 3271 1057 3338 excurrit
1075 3297 1184 3355 annos,
1322 3277 1338 3294 ⁶

132 3363 299 3454 professus
312 3382 394 3441 snm,
408 3381 538 3426 manum
559 3360 697 3426 criticam
710 3359 763 3425 ille
781 3360 863 3426 inter
881 3371 1023 3425 auctores
1044 3359 1186 3426 classicos

132 3471 248 3516 omnes
268 3447 404 3598 maxl'qme
423 3447 556 3536 flagitat,
574 3469 647 3512 cum
667 3444 875 3514 foedatussit
895 3445 1187 3534 interpolationibus

133 3550 168 3604 et
183 3557 279 3600 corru
302 3545 334 3598 te
356 3557 379 3598 s.

182 3557 316 3708 Inspeiii
337 3633 369 3685 et
389 3617 566 3722 comparavi
583 3618 762 3708 fingmento
782 3617 990 3706 Cyclioorum,
1005 3617 1134 3706 vidique
1152 3619 1186 3684 in

134 3710 175 3774 iis
190 3729 285 3790 usum
301 3706 435 3772 eundem
451 3723 519 3794 Janr
542 3718 611 3770 tum
630 3703 777 3792 viguisse,
797 3725 892 3791 quern
906 3703 1064 3791 sequiores
1073 3717 1187 3804 poetae

136 3805 317 3872 servarunt,
333 3790 444 3856 utalia
456 3791 585 3857 metrica
600 3790 733 3856 Homeri
753 3801 968 3877 sequerentur,
983 3790 1017 3854 in
1030 3789 1099 3855 aliis
1112 3814 1185 3858 eum

137 3883 328 3964 desererent.
374 3880 426 3943 Ita
439 3877 473 3942 in
487 3899 546 3942 vss.
570 3874 697 3964 Cypriis
717 3875 752 3940 in
771 3875 902 3942 Scholiis
915 3876 956 3940 ad
972 3875 1012 3940 Il.
1028 3880 1065 3940 A.
1081 3879 1103 3941 ὅ
1118 3879 1186 3953 Ζεὺς

138 3971 168 4033 δὲ
186 3969 275 4032 ἣδιον.
292 3975 324 4030 et
442 4011 449 4026 .
473 3962 603 4030 Lescbis
621 3985 671 4050 sp.
689 3959 794 4028 Schol.
815 3961 857 4027 ad
879 3959 1039 4050 Lycophr.
1056 3957 1141 4026 1263
1156 3965 1187 4040 lv

139 4083 171 4120 rr
189 4059 232 4118 fot
246 4055 333 4138 αὐτῷ.
409 4050 484 4114 tiam
505 4049 538 4114 in
559 4048 692 4114 oraculis
712 4060 746 4112 et
765 4047 917 4113 vaticiniis
937 4047 1025 4136 apud
1041 4046 1187 4111 Herodo-

139 4153 209 4206 tum
224 4152 255 4203 et
271 4136 460 4203 Pausaniam
475 4134 623 4225 pleraque
639 4135 707 4222 jam
722 4134 763 4200 ad
778 4133 945 4200 sollennem
960 4144 1122 4220 poetarum
1138 4155 1186 4198 ra
1232 4125 1238 4147 '

139 4226 255 4291 tionem
279 4248 317 4290 ac
340 4245 458 4288 morem
483 4221 605 4288 deflexa
627 4221 730 4285 video.
775 4223 891 4285 Versus
913 4219 945 4284 in
969 4217 1096 4306 Cypseli
1115 4243 1206 4284 arca.

109 4343 113 4350 ·
139 4312 305 4401 inscriptos
320 4309 406 4396 apud
421 4312 555 4375 Pausan.
572 4310 612 4388 V,
629 4309 679 4372 18.
696 4307 776 4374 inter
798 4304 987 4392 antiquiores
1009 4305 1187 4372 referendos
