<?xml version="1.0" encoding="UTF-8"?>
<!DOCTYPE html PUBLIC "-//W3C//DTD XHTML 1.0 Transitional//EN"
    "http://www.w3.org/TR/xhtml1/DTD/xhtml1-transitional.dtd">
<html xmlns="http://www.w3.org/1999/xhtml" xml:lang="en" lang="en">
 <head>
  <title>
</title>
<meta http-equiv="Content-Type" content="text/html;charset=utf-8" />
  <meta name='ocr-system' content='tesseract 3.04.00' />
  <meta name='ocr-capabilities' content='ocr_page ocr_carea ocr_par ocr_line ocrx_word'/>
</head>
<body>
  <div class='ocr_page' id='page_1' title='image "./excursusinhomer00hermgoog_0153.png"; bbox 0 0 3008 5056; ppageno 0'>
   <div class='ocr_carea' id='block_1_1' title="bbox 330 359 1023 429">
    <p class='ocr_par' dir='ltr' id='par_1_1' title="bbox 330 359 1023 429">
     <span class='ocr_line' id='line_1_1' title="bbox 330 359 1023 429; baseline -0.006 -2"><span class='ocrx_word' id='word_1_1' title='bbox 330 364 393 429; x_wconf 78' lang='lat' dir='ltr'>lto</span> <span class='ocrx_word' id='word_1_2' title='bbox 669 359 929 427; x_wconf 78' lang='lat' dir='ltr'>EXCURSUS</span> <span class='ocrx_word' id='word_1_3' title='bbox 953 359 1023 424; x_wconf 92' lang='lat'>111.</span> 
     </span>
    </p>
   </div>
   <div class='ocr_carea' id='block_1_2' title="bbox 249 515 1380 3319">
    <p class='ocr_par' dir='ltr' id='par_1_2' title="bbox 326 515 1378 1116">
     <span class='ocr_line' id='line_1_2' title="bbox 330 515 1377 620; baseline -0.01 -19"><span class='ocrx_word' id='word_1_4' title='bbox 330 559 406 614; x_wconf 86' lang='lat' dir='ltr'>esse,</span> <span class='ocrx_word' id='word_1_5' title='bbox 431 534 582 600; x_wconf 89' lang='lat' dir='ltr'>artificem</span> <span class='ocrx_word' id='word_1_6' title='bbox 605 553 744 596; x_wconf 90' lang='lat' dir='ltr'>seorsum</span> <span class='ocrx_word' id='word_1_7' title='bbox 768 532 809 596; x_wconf 90' lang='lat' dir='ltr'>de</span> <span class='ocrx_word' id='word_1_8' title='bbox 834 531 888 598; x_wconf 89' lang='lat' dir='ltr'>tali</span> <span class='ocrx_word' id='word_1_9' title='bbox 911 531 1094 620; x_wconf 82' lang='lat' dir='ltr'>anaglypho</span> <span class='ocrx_word' id='word_1_10' title='bbox 1117 515 1377 619; x_wconf 63' lang='lat' dir='ltr'>cogitasse3&#39;non</span> 
     </span>
     <span class='ocr_line' id='line_1_3' title="bbox 329 617 1377 708; baseline -0.007 -23"><span class='ocrx_word' id='word_1_11' title='bbox 329 627 405 686; x_wconf 82' lang='lat' dir='ltr'>v&#39;ero</span> <span class='ocrx_word' id='word_1_12' title='bbox 418 620 450 684; x_wconf 91' lang='lat' dir='ltr'>in</span> <span class='ocrx_word' id='word_1_13' title='bbox 464 618 694 708; x_wconf 82' lang='lat' dir='ltr'>clipeo&#39;bellicis</span> <span class='ocrx_word' id='word_1_14' title='bbox 708 618 817 684; x_wconf 88' lang='lat' dir='ltr'>usibus</span> <span class='ocrx_word' id='word_1_15' title='bbox 835 618 1006 684; x_wconf 82' lang='lat' dir='ltr'>destinato:</span> <span class='ocrx_word' id='word_1_16' title='bbox 1031 617 1110 706; x_wconf 93' lang='lat' dir='ltr'>quid</span> <span class='ocrx_word' id='word_1_17' title='bbox 1129 617 1236 682; x_wconf 89' lang='lat' dir='ltr'>enim?</span> <span class='ocrx_word' id='word_1_18' title='bbox 1259 639 1301 680; x_wconf 92' lang='lat' dir='ltr'>an</span> <span class='ocrx_word' id='word_1_19' title='bbox 1315 637 1377 702; x_wconf 92' lang='lat' dir='ltr'>pu-</span> 
     </span>
     <span class='ocr_line' id='line_1_4' title="bbox 330 702 1376 794; baseline -0.007 -22"><span class='ocrx_word' id='word_1_20' title='bbox 330 720 396 772; x_wconf 86' lang='lat' dir='ltr'>tare</span> <span class='ocrx_word' id='word_1_21' title='bbox 417 707 521 794; x_wconf 92' lang='lat' dir='ltr'>potuit</span> <span class='ocrx_word' id='word_1_22' title='bbox 542 719 651 770; x_wconf 83' lang='lat' dir='ltr'>auctor</span> <span class='ocrx_word' id='word_1_23' title='bbox 672 706 804 784; x_wconf 87' lang='lat' dir='ltr'>hostem,</span> <span class='ocrx_word' id='word_1_24' title='bbox 823 718 931 770; x_wconf 90' lang='lat' dir='ltr'>contra</span> <span class='ocrx_word' id='word_1_25' title='bbox 944 729 1041 792; x_wconf 92' lang='lat' dir='ltr'>quem</span> <span class='ocrx_word' id='word_1_26' title='bbox 1059 704 1179 793; x_wconf 85' lang='lat' dir='ltr'><strong>clipeus</strong></span> <span class='ocrx_word' id='word_1_27' title='bbox 1200 702 1376 778; x_wconf 83' lang='lat' dir='ltr'>tolleretur,</span> 
     </span>
     <span class='ocr_line' id='line_1_5' title="bbox 326 789 1378 880; baseline -0.006 -22"><span class='ocrx_word' id='word_1_28' title='bbox 326 807 386 874; x_wconf 37' lang='lat' dir='ltr'>,aut</span> <span class='ocrx_word' id='word_1_29' title='bbox 447 792 607 858; x_wconf 89' lang='lat' dir='ltr'>rterritum</span> <span class='ocrx_word' id='word_1_30' title='bbox 628 792 739 880; x_wconf 87' lang='lat' dir='ltr'>figuris</span> <span class='ocrx_word' id='word_1_31' title='bbox 760 806 826 858; x_wconf 87' lang='lat' dir='ltr'>tam</span> <span class='ocrx_word' id='word_1_32' title='bbox 846 814 994 880; x_wconf 79' lang='lat' dir='ltr'>operosae</span> <span class='ocrx_word' id='word_1_33' title='bbox 1015 791 1102 872; x_wconf 88' lang='lat' dir='ltr'>artis,</span> <span class='ocrx_word' id='word_1_34' title='bbox 1117 804 1174 857; x_wconf 89' lang='lat' dir='ltr'>aut</span> <span class='ocrx_word' id='word_1_35' title='bbox 1193 790 1226 856; x_wconf 93' lang='lat' dir='ltr'>in</span> <span class='ocrx_word' id='word_1_36' title='bbox 1245 789 1283 854; x_wconf 90' lang='lat' dir='ltr'>iis</span> <span class='ocrx_word' id='word_1_37' title='bbox 1302 811 1378 852; x_wconf 91' lang='lat' dir='ltr'>oon-</span> 
     </span>
     <span class='ocr_line' id='line_1_6' title="bbox 330 875 1378 966; baseline -0.006 -22"><span class='ocrx_word' id='word_1_38' title='bbox 330 893 417 966; x_wconf 92' lang='lat' dir='ltr'>temp</span> <span class='ocrx_word' id='word_1_39' title='bbox 469 877 517 944; x_wconf 91' lang='lat' dir='ltr'>dis</span> <span class='ocrx_word' id='word_1_40' title='bbox 544 892 732 966; x_wconf 87' lang='lat' dir='ltr'>occupatum</span> <span class='ocrx_word' id='word_1_41' title='bbox 760 878 850 944; x_wconf 81' lang='lat' dir='ltr'>fore?</span> <span class='ocrx_word' id='word_1_42' title='bbox 887 880 936 943; x_wconf 86' lang='lat' dir='ltr'>At</span> <span class='ocrx_word' id='word_1_43' title='bbox 962 878 1068 966; x_wconf 93' lang='lat' dir='ltr'>potuit</span> <span class='ocrx_word' id='word_1_44' title='bbox 1095 877 1209 944; x_wconf 78' lang='lat' dir='ltr'><strong>artifex</strong></span> <span class='ocrx_word' id='word_1_45' title='bbox 1234 875 1268 940; x_wconf 91' lang='lat' dir='ltr'>in</span> <span class='ocrx_word' id='word_1_46' title='bbox 1294 898 1378 962; x_wconf 91' lang='lat' dir='ltr'>opus</span> 
     </span>
     <span class='ocr_line' id='line_1_7' title="bbox 331 961 1378 1116; baseline -0.007 -84"><span class='ocrx_word' id='word_1_47' title='bbox 331 965 547 1116; x_wconf 59' lang='lat' dir='ltr'>anaglypebum</span> <span class='ocrx_word' id='word_1_48' title='bbox 566 978 631 1030; x_wconf 89' lang='lat' dir='ltr'>tam</span> <span class='ocrx_word' id='word_1_49' title='bbox 645 964 748 1030; x_wconf 88' lang='lat' dir='ltr'>variae</span> <span class='ocrx_word' id='word_1_50' title='bbox 768 964 843 1030; x_wconf 88' lang='lat' dir='ltr'>artis</span> <span class='ocrx_word' id='word_1_51' title='bbox 864 978 896 1029; x_wconf 92' lang='lat' dir='ltr'>et</span> <span class='ocrx_word' id='word_1_52' title='bbox 916 988 952 1029; x_wconf 92' lang='lat' dir='ltr'>ar</span> <span class='ocrx_word' id='word_1_53' title='bbox 1031 965 1095 1031; x_wconf 89' lang='lat' dir='ltr'>enti</span> <span class='ocrx_word' id='word_1_54' title='bbox 1114 961 1270 1042; x_wconf 90' lang='lat' dir='ltr'>incidere,</span> <span class='ocrx_word' id='word_1_55' title='bbox 1282 961 1378 1026; x_wconf 92' lang='lat' dir='ltr'>dum-</span> 
     </span>
    </p>

    <p class='ocr_par' dir='ltr' id='par_1_3' title="bbox 321 1048 1378 1312">
     <span class='ocr_line' id='line_1_8' title="bbox 353 1048 1376 1138; baseline -0.003 -21"><span class='ocrx_word' id='word_1_56' title='bbox 353 1061 394 1117; x_wconf 89' lang='lat' dir='ltr'>u&#39;e</span> <span class='ocrx_word' id='word_1_57' title='bbox 415 1075 451 1116; x_wconf 95' lang='lat' dir='ltr'>or</span> <span class='ocrx_word' id='word_1_58' title='bbox 490 1074 523 1115; x_wconf 93' lang='lat' dir='ltr'>m</span> <span class='ocrx_word' id='word_1_59' title='bbox 542 1064 697 1116; x_wconf 88' lang='lat' dir='ltr'>terrarum</span> <span class='ocrx_word' id='word_1_60' title='bbox 719 1051 894 1138; x_wconf 83' lang='lat' dir='ltr'>exprimere</span> <span class='ocrx_word' id='word_1_61' title='bbox 911 1075 950 1116; x_wconf 90' lang='lat' dir='ltr'>ve</span> <span class='ocrx_word' id='word_1_62' title='bbox 973 1064 1016 1130; x_wconf 91' lang='lat' dir='ltr'>et,</span> <span class='ocrx_word' id='word_1_63' title='bbox 1037 1051 1171 1116; x_wconf 83' lang='lat' dir='ltr'>formam</span> <span class='ocrx_word' id='word_1_64' title='bbox 1193 1048 1376 1138; x_wconf 80' lang='lat' dir='ltr'>rotundam,</span> 
     </span>
     <span class='ocr_line' id='line_1_9' title="bbox 321 1076 1378 1226; baseline -0.005 -22"><span class='ocrx_word' id='word_1_65' title='bbox 321 1076 552 1226; x_wconf 76' lang='lat' dir='ltr'>&#39;dipeiformem</span> <span class='ocrx_word' id='word_1_66' title='bbox 562 1137 706 1226; x_wconf 85' lang='lat' dir='ltr'>arripere.</span> <span class='ocrx_word' id='word_1_67' title='bbox 731 1137 812 1208; x_wconf 83' lang='lat' dir='ltr'>Tele</span> <span class='ocrx_word' id='word_1_68' title='bbox 826 1151 1059 1226; x_wconf 82' lang='lat' dir='ltr'>argumentum,</span> <span class='ocrx_word' id='word_1_69' title='bbox 1072 1137 1126 1203; x_wconf 80' lang='lat' dir='ltr'>tali</span> <span class='ocrx_word' id='word_1_70' title='bbox 1139 1160 1235 1226; x_wconf 91' lang='lat' dir='ltr'>opere</span> <span class='ocrx_word' id='word_1_71' title='bbox 1248 1158 1378 1222; x_wconf 86' lang='lat' dir='ltr'>expres-</span> 
     </span>
     <span class='ocr_line' id='line_1_10' title="bbox 329 1223 1312 1312; baseline -0.005 -22"><span class='ocrx_word' id='word_1_72' title='bbox 329 1247 410 1303; x_wconf 91' lang='lat' dir='ltr'>sum,</span> <span class='ocrx_word' id='word_1_73' title='bbox 424 1224 503 1292; x_wconf 87' lang='lat' dir='ltr'>nihil</span> <span class='ocrx_word' id='word_1_74' title='bbox 517 1224 656 1304; x_wconf 88' lang='lat' dir='ltr'>haberet,</span> <span class='ocrx_word' id='word_1_75' title='bbox 672 1223 759 1312; x_wconf 92' lang='lat' dir='ltr'>quod</span> <span class='ocrx_word' id='word_1_76' title='bbox 773 1223 891 1289; x_wconf 89' lang='lat' dir='ltr'>dilectu</span> <span class='ocrx_word' id='word_1_77' title='bbox 905 1247 964 1290; x_wconf 92' lang='lat' dir='ltr'>suo</span> <span class='ocrx_word' id='word_1_78' title='bbox 977 1223 1173 1290; x_wconf 80' lang='lat' dir='ltr'>mirationem</span> <span class='ocrx_word' id='word_1_79' title='bbox 1185 1224 1312 1288; x_wconf 74' lang='lat' dir='ltr'>faceret⁸</span> 
     </span>
    </p>

    <p class='ocr_par' dir='ltr' id='par_1_4' title="bbox 249 1308 1380 2068">
     <span class='ocr_line' id='line_1_11' title="bbox 375 1308 1379 1398; baseline -0.003 -22"><span class='ocrx_word' id='word_1_80' title='bbox 375 1311 409 1376; x_wconf 91' lang='lat' dir='ltr'>Si</span> <span class='ocrx_word' id='word_1_81' title='bbox 431 1323 535 1376; x_wconf 83' lang='lat' dir='ltr'>tamen</span> <span class='ocrx_word' id='word_1_82' title='bbox 556 1311 669 1376; x_wconf 83' lang='lat' dir='ltr'>artifex</span> <span class='ocrx_word' id='word_1_83' title='bbox 690 1311 764 1376; x_wconf 89' lang='lat' dir='ltr'>adi</span> <span class='ocrx_word' id='word_1_84' title='bbox 802 1333 858 1375; x_wconf 92' lang='lat' dir='ltr'>um</span> <span class='ocrx_word' id='word_1_85' title='bbox 879 1335 960 1398; x_wconf 92' lang='lat' dir='ltr'>opus</span> <span class='ocrx_word' id='word_1_86' title='bbox 981 1324 1160 1391; x_wconf 67' lang='lat' dir='ltr'>accesserat,</span> <span class='ocrx_word' id='word_1_87' title='bbox 1174 1309 1262 1374; x_wconf 90' lang='lat' dir='ltr'>nullo</span> <span class='ocrx_word' id='word_1_88' title='bbox 1278 1308 1379 1374; x_wconf 92' lang='lat' dir='ltr'>modo</span> 
     </span>
     <span class='ocr_line' id='line_1_12' title="bbox 329 1333 1379 1486; baseline -0.002 -24"><span class='ocrx_word' id='word_1_89' title='bbox 329 1397 491 1486; x_wconf 87' lang='lat' dir='ltr'>probabile</span> <span class='ocrx_word' id='word_1_90' title='bbox 511 1398 559 1476; x_wconf 92' lang='lat' dir='ltr'>fit,</span> <span class='ocrx_word' id='word_1_91' title='bbox 578 1421 651 1464; x_wconf 89' lang='lat' dir='ltr'>eum</span> <span class='ocrx_word' id='word_1_92' title='bbox 673 1397 714 1462; x_wconf 88' lang='lat' dir='ltr'>ad</span> <span class='ocrx_word' id='word_1_93' title='bbox 735 1333 814 1463; x_wconf 68' lang='lat' dir='ltr'>illidi</span> <span class='ocrx_word' id='word_1_94' title='bbox 831 1422 874 1463; x_wconf 93' lang='lat' dir='ltr'>-eo</span> <span class='ocrx_word' id='word_1_95' title='bbox 893 1397 1001 1478; x_wconf 91' lang='lat' dir='ltr'>modo,</span> <span class='ocrx_word' id='word_1_96' title='bbox 1017 1422 1082 1485; x_wconf 94' lang='lat' dir='ltr'>quo</span> <span class='ocrx_word' id='word_1_97' title='bbox 1102 1409 1196 1486; x_wconf 86' lang='lat' dir='ltr'>poeta</span> <span class='ocrx_word' id='word_1_98' title='bbox 1216 1395 1379 1483; x_wconf 87' lang='lat' dir='ltr'>exposuit,</span> 
     </span>
     <span class='ocr_line' id='line_1_13' title="bbox 306 1483 1379 1572; baseline 0 -26"><span class='ocrx_word' id='word_1_99' title='bbox 306 1483 554 1550; x_wconf 87' lang='lat' dir='ltr'>elaborandum</span> <span class='ocrx_word' id='word_1_100' title='bbox 576 1507 758 1572; x_wconf 84' lang='lat' dir='ltr'>aggressum</span> <span class='ocrx_word' id='word_1_101' title='bbox 783 1508 857 1549; x_wconf 87' lang='lat' dir='ltr'>esse.</span> <span class='ocrx_word' id='word_1_102' title='bbox 905 1487 987 1550; x_wconf 88' lang='lat' dir='ltr'>Sunt</span> <span class='ocrx_word' id='word_1_103' title='bbox 1012 1483 1095 1549; x_wconf 90' lang='lat' dir='ltr'>enim</span> <span class='ocrx_word' id='word_1_104' title='bbox 1120 1483 1261 1572; x_wconf 80' lang='lat' dir='ltr'>singrdae</span> <span class='ocrx_word' id='word_1_105' title='bbox 1284 1505 1379 1547; x_wconf 88' lang='lat' dir='ltr'>areae</span> 
     </span>
     <span class='ocr_line' id='line_1_14' title="bbox 331 1568 1380 1660; baseline -0.005 -22"><span class='ocrx_word' id='word_1_106' title='bbox 331 1583 395 1638; x_wconf 82' lang='lat' dir='ltr'>tam</span> <span class='ocrx_word' id='word_1_107' title='bbox 415 1571 587 1636; x_wconf 88' lang='lat' dir='ltr'>numerosis</span> <span class='ocrx_word' id='word_1_108' title='bbox 603 1571 724 1659; x_wconf 82' lang='lat' dir='ltr'>figuris,</span> <span class='ocrx_word' id='word_1_109' title='bbox 739 1584 776 1660; x_wconf 82' lang='lat' dir='ltr'>ut</span> <span class='ocrx_word' id='word_1_110' title='bbox 795 1594 866 1636; x_wconf 89' lang='lat' dir='ltr'>aere</span> <span class='ocrx_word' id='word_1_111' title='bbox 887 1594 939 1636; x_wconf 89' lang='lat' dir='ltr'>eas</span> <span class='ocrx_word' id='word_1_112' title='bbox 961 1594 1016 1635; x_wconf 91' lang='lat' dir='ltr'>seu</span> <span class='ocrx_word' id='word_1_113' title='bbox 1035 1570 1170 1636; x_wconf 87' lang='lat' dir='ltr'>fundere</span> <span class='ocrx_word' id='word_1_114' title='bbox 1188 1593 1243 1638; x_wconf 85' lang='lat' dir='ltr'>seu</span> <span class='ocrx_word' id='word_1_115' title='bbox 1262 1568 1380 1634; x_wconf 88' lang='lat' dir='ltr'>malleo</span> 
     </span>
     <span class='ocr_line' id='line_1_15' title="bbox 330 1655 1377 1744; baseline -0.002 -22"><span class='ocrx_word' id='word_1_116' title='bbox 330 1657 502 1723; x_wconf 86' lang='lat' dir='ltr'>extundere</span> <span class='ocrx_word' id='word_1_117' title='bbox 517 1657 661 1722; x_wconf 87' lang='lat' dir='ltr'>diuturni</span> <span class='ocrx_word' id='word_1_118' title='bbox 674 1670 707 1722; x_wconf 93' lang='lat' dir='ltr'>et</span> <span class='ocrx_word' id='word_1_119' title='bbox 720 1657 862 1722; x_wconf 91' lang='lat' dir='ltr'>immensi</span> <span class='ocrx_word' id='word_1_120' title='bbox 880 1657 984 1744; x_wconf 91' lang='lat' dir='ltr'>operis</span> <span class='ocrx_word' id='word_1_121' title='bbox 1005 1680 1054 1722; x_wconf 91' lang='lat' dir='ltr'>res</span> <span class='ocrx_word' id='word_1_122' title='bbox 1073 1657 1201 1732; x_wconf 81' lang='lat' dir='ltr'>fuisset3</span> <span class='ocrx_word' id='word_1_123' title='bbox 1221 1655 1251 1721; x_wconf 90' lang='lat' dir='ltr'>si</span> <span class='ocrx_word' id='word_1_124' title='bbox 1265 1671 1377 1721; x_wconf 86' lang='lat' dir='ltr'>autem</span> 
     </span>
     <span class='ocr_line' id='line_1_16' title="bbox 249 1741 1378 1822; baseline 0.002 -14"><span class='ocrx_word' id='word_1_125' title='bbox 249 1776 258 1797; x_wconf 59' lang='lat' dir='ltr'>x</span> <span class='ocrx_word' id='word_1_126' title='bbox 329 1741 475 1810; x_wconf 79' lang='lat' dir='ltr'>effectum</span> <span class='ocrx_word' id='word_1_127' title='bbox 496 1757 587 1822; x_wconf 87' lang='lat' dir='ltr'>esset,</span> <span class='ocrx_word' id='word_1_128' title='bbox 606 1743 770 1810; x_wconf 87' lang='lat' dir='ltr'>oculorum</span> <span class='ocrx_word' id='word_1_129' title='bbox 791 1743 1028 1809; x_wconf 85' lang='lat' dir='ltr'>delectationem</span> <span class='ocrx_word' id='word_1_130' title='bbox 1049 1743 1168 1816; x_wconf 91' lang='lat' dir='ltr'>nullam</span> <span class='ocrx_word' id='word_1_131' title='bbox 1189 1743 1378 1810; x_wconf 88' lang='lat' dir='ltr'>habiturum</span> 
     </span>
     <span class='ocr_line' id='line_1_17' title="bbox 262 1829 1378 1929; baseline -0.004 -29"><span class='ocrx_word' id='word_1_132' title='bbox 262 1909 265 1918; x_wconf 68' lang='lat'>,</span> <span class='ocrx_word' id='word_1_133' title='bbox 328 1830 457 1906; x_wconf 80' lang='lat' dir='ltr'>suisset3</span> <span class='ocrx_word' id='word_1_134' title='bbox 481 1844 546 1898; x_wconf 86' lang='lat' dir='ltr'>tam</span> <span class='ocrx_word' id='word_1_135' title='bbox 560 1853 675 1929; x_wconf 87' lang='lat' dir='ltr'>parvae</span> <span class='ocrx_word' id='word_1_136' title='bbox 689 1831 772 1896; x_wconf 89' lang='lat' dir='ltr'>enim</span> <span class='ocrx_word' id='word_1_137' title='bbox 785 1855 822 1896; x_wconf 88' lang='lat' dir='ltr'>ac</span> <span class='ocrx_word' id='word_1_138' title='bbox 836 1829 939 1896; x_wconf 89' lang='lat' dir='ltr'>variae</span> <span class='ocrx_word' id='word_1_139' title='bbox 953 1843 986 1895; x_wconf 93' lang='lat' dir='ltr'>et</span> <span class='ocrx_word' id='word_1_140' title='bbox 999 1831 1150 1896; x_wconf 87' lang='lat' dir='ltr'>obscurae</span> <span class='ocrx_word' id='word_1_141' title='bbox 1168 1831 1288 1918; x_wconf 86' lang='lat' dir='ltr'>figurae</span> <span class='ocrx_word' id='word_1_142' title='bbox 1305 1843 1378 1895; x_wconf 82' lang='lat' dir='ltr'>tarn</span> 
     </span>
     <span class='ocr_line' id='line_1_18' title="bbox 329 1916 1378 2016; baseline 0.001 -35"><span class='ocrx_word' id='word_1_143' title='bbox 329 1916 436 2016; x_wconf 80' lang='lat' dir='ltr'>multis</span> <span class='ocrx_word' id='word_1_144' title='bbox 457 1917 489 1982; x_wconf 92' lang='lat' dir='ltr'>in</span> <span class='ocrx_word' id='word_1_145' title='bbox 508 1940 599 2016; x_wconf 78' lang='lat' dir='ltr'>arels,</span> <span class='ocrx_word' id='word_1_146' title='bbox 620 1917 722 2006; x_wconf 90' lang='lat' dir='ltr'>operis</span> <span class='ocrx_word' id='word_1_147' title='bbox 741 1917 884 2006; x_wconf 65' lang='lat' dir='ltr'>quamuis</span> <span class='ocrx_word' id='word_1_148' title='bbox 905 1917 1012 2006; x_wconf 80' lang='lat' dir='ltr'>magni</span> <span class='ocrx_word' id='word_1_149' title='bbox 1030 1931 1062 1982; x_wconf 89' lang='lat' dir='ltr'>et</span> <span class='ocrx_word' id='word_1_150' title='bbox 1074 1916 1141 1998; x_wconf 89' lang='lat' dir='ltr'>lati,</span> <span class='ocrx_word' id='word_1_151' title='bbox 1157 1917 1227 1983; x_wconf 87' lang='lat' dir='ltr'>visu</span> <span class='ocrx_word' id='word_1_152' title='bbox 1241 1917 1294 1982; x_wconf 86' lang='lat' dir='ltr'>vix</span> <span class='ocrx_word' id='word_1_153' title='bbox 1308 1916 1378 1982; x_wconf 86' lang='lat' dir='ltr'>dis-</span> 
     </span>
     <span class='ocr_line' id='line_1_19' title="bbox 328 2015 896 2068; baseline -0.002 0"><span class='ocrx_word' id='word_1_154' title='bbox 328 2027 414 2068; x_wconf 85' lang='lat' dir='ltr'>cerm</span> <span class='ocrx_word' id='word_1_155' title='bbox 470 2015 609 2068; x_wconf 82' lang='lat' dir='ltr'>tuissent.</span> <span class='ocrx_word' id='word_1_156' title='bbox 889 2047 896 2054; x_wconf 86' lang='lat'><em>-</em></span> 
     </span>
    </p>

    <p class='ocr_par' dir='ltr' id='par_1_5' title="bbox 329 2089 1380 2852">
     <span class='ocr_line' id='line_1_20' title="bbox 373 2089 1379 2180; baseline 0 -26"><span class='ocrx_word' id='word_1_157' title='bbox 373 2091 425 2155; x_wconf 92' lang='lat' dir='ltr'>De</span> <span class='ocrx_word' id='word_1_158' title='bbox 456 2090 480 2155; x_wconf 91' lang='lat' dir='ltr'>ti</span> <span class='ocrx_word' id='word_1_159' title='bbox 494 2113 578 2156; x_wconf 91' lang='lat' dir='ltr'>nunc</span> <span class='ocrx_word' id='word_1_160' title='bbox 593 2091 719 2158; x_wconf 90' lang='lat' dir='ltr'>tandem</span> <span class='ocrx_word' id='word_1_161' title='bbox 733 2115 843 2157; x_wconf 91' lang='lat' dir='ltr'>sumus</span> <span class='ocrx_word' id='word_1_162' title='bbox 856 2115 905 2172; x_wconf 91' lang='lat' dir='ltr'>eo,</span> <span class='ocrx_word' id='word_1_163' title='bbox 917 2103 955 2156; x_wconf 91' lang='lat' dir='ltr'>ut</span> <span class='ocrx_word' id='word_1_164' title='bbox 968 2091 1087 2180; x_wconf 83' lang='lat' dir='ltr'>clipeus</span> <span class='ocrx_word' id='word_1_165' title='bbox 1102 2090 1301 2170; x_wconf 87' lang='lat' dir='ltr'>Homericus,</span> <span class='ocrx_word' id='word_1_166' title='bbox 1313 2089 1379 2154; x_wconf 89' lang='lat' dir='ltr'>etsi</span> 
     </span>
     <span class='ocr_line' id='line_1_21' title="bbox 329 2175 1378 2267; baseline -0.003 -25"><span class='ocrx_word' id='word_1_167' title='bbox 329 2177 372 2242; x_wconf 88' lang='lat' dir='ltr'>ad</span> <span class='ocrx_word' id='word_1_168' title='bbox 385 2177 461 2244; x_wconf 85' lang='lat' dir='ltr'>artis</span> <span class='ocrx_word' id='word_1_169' title='bbox 482 2200 577 2264; x_wconf 90' lang='lat' dir='ltr'>opera</span> <span class='ocrx_word' id='word_1_170' title='bbox 596 2178 857 2258; x_wconf 84' lang='lat' dir='ltr'>accommodatus,</span> <span class='ocrx_word' id='word_1_171' title='bbox 874 2178 1037 2267; x_wconf 90' lang='lat' dir='ltr'>putandus</span> <span class='ocrx_word' id='word_1_172' title='bbox 1051 2178 1091 2243; x_wconf 90' lang='lat' dir='ltr'>sit</span> <span class='ocrx_word' id='word_1_173' title='bbox 1104 2201 1171 2244; x_wconf 88' lang='lat' dir='ltr'>esse</span> <span class='ocrx_word' id='word_1_174' title='bbox 1184 2199 1264 2242; x_wconf 84' lang='lat' dir='ltr'>mere</span> <span class='ocrx_word' id='word_1_175' title='bbox 1273 2175 1378 2260; x_wconf 79' lang='lat' dir='ltr'>poeti-</span> 
     </span>
     <span class='ocr_line' id='line_1_22' title="bbox 331 2262 1378 2353; baseline -0.006 -19"><span class='ocrx_word' id='word_1_176' title='bbox 331 2285 392 2344; x_wconf 73' lang='lat' dir='ltr'>cus,</span> <span class='ocrx_word' id='word_1_177' title='bbox 413 2286 470 2328; x_wconf 88' lang='lat' dir='ltr'>nec</span> <span class='ocrx_word' id='word_1_178' title='bbox 491 2288 530 2329; x_wconf 86' lang='lat' dir='ltr'>ex</span> <span class='ocrx_word' id='word_1_179' title='bbox 556 2264 632 2330; x_wconf 91' lang='lat' dir='ltr'>artis</span> <span class='ocrx_word' id='word_1_180' title='bbox 654 2289 747 2352; x_wconf 90' lang='lat' dir='ltr'>opere</span> <span class='ocrx_word' id='word_1_181' title='bbox 770 2264 876 2353; x_wconf 88' lang='lat' dir='ltr'>aliquo</span> <span class='ocrx_word' id='word_1_182' title='bbox 900 2264 992 2332; x_wconf 89' lang='lat' dir='ltr'>simili</span> <span class='ocrx_word' id='word_1_183' title='bbox 1058 2264 1135 2330; x_wconf 91' lang='lat' dir='ltr'>titus</span> <span class='ocrx_word' id='word_1_184' title='bbox 1156 2263 1274 2329; x_wconf 88' lang='lat' dir='ltr'>autad</span> <span class='ocrx_word' id='word_1_185' title='bbox 1294 2262 1378 2329; x_wconf 89' lang='lat' dir='ltr'>artis</span> 
     </span>
     <span class='ocr_line' id='line_1_23' title="bbox 330 2349 1380 2440; baseline -0.006 -20"><span class='ocrx_word' id='word_1_186' title='bbox 330 2372 448 2420; x_wconf 87' lang='lat' dir='ltr'>morem</span> <span class='ocrx_word' id='word_1_187' title='bbox 467 2365 499 2416; x_wconf 90' lang='lat' dir='ltr'>et</span> <span class='ocrx_word' id='word_1_188' title='bbox 519 2350 667 2430; x_wconf 89' lang='lat' dir='ltr'>indolem,</span> <span class='ocrx_word' id='word_1_189' title='bbox 682 2349 867 2440; x_wconf 84' lang='lat' dir='ltr'>descriptus.</span> <span class='ocrx_word' id='word_1_190' title='bbox 911 2352 1018 2417; x_wconf 85' lang='lat' dir='ltr'>Proba</span> <span class='ocrx_word' id='word_1_191' title='bbox 1038 2351 1110 2416; x_wconf 90' lang='lat' dir='ltr'>ilius</span> <span class='ocrx_word' id='word_1_192' title='bbox 1131 2349 1380 2438; x_wconf 87' lang='lat' dir='ltr'>utique&#39;videbi-</span> 
     </span>
     <span class='ocr_line' id='line_1_24' title="bbox 329 2437 1380 2526; baseline 0.004 -25"><span class='ocrx_word' id='word_1_193' title='bbox 329 2448 383 2502; x_wconf 88' lang='lat' dir='ltr'>tur</span> <span class='ocrx_word' id='word_1_194' title='bbox 402 2450 554 2504; x_wconf 87' lang='lat' dir='ltr'>statuere:</span> <span class='ocrx_word' id='word_1_195' title='bbox 578 2437 675 2504; x_wconf 82' lang='lat' dir='ltr'>fuisse</span> <span class='ocrx_word' id='word_1_196' title='bbox 695 2459 816 2504; x_wconf 75' lang='lat' dir='ltr'>comica</span> <span class='ocrx_word' id='word_1_197' title='bbox 837 2439 970 2524; x_wconf 73' lang='lat' dir='ltr'>cliqrwd,</span> <span class='ocrx_word' id='word_1_198' title='bbox 994 2462 1060 2525; x_wconf 93' lang='lat' dir='ltr'>quo</span> <span class='ocrx_word' id='word_1_199' title='bbox 1080 2437 1241 2526; x_wconf 85' lang='lat' dir='ltr'>ingenium</span> <span class='ocrx_word' id='word_1_200' title='bbox 1261 2448 1380 2524; x_wconf 75' lang='lat' dir='ltr'>poetae</span> 
     </span>
     <span class='ocr_line' id='line_1_25' title="bbox 329 2522 1379 2613; baseline -0.001 -22"><span class='ocrx_word' id='word_1_201' title='bbox 329 2522 462 2612; x_wconf 79' lang='lat' dir='ltr'>alicujus</span> <span class='ocrx_word' id='word_1_202' title='bbox 476 2548 509 2589; x_wconf 89' lang='lat' dir='ltr'>se</span> <span class='ocrx_word' id='word_1_203' title='bbox 522 2524 710 2590; x_wconf 88' lang='lat' dir='ltr'>exercuisset</span> <span class='ocrx_word' id='word_1_204' title='bbox 723 2525 756 2588; x_wconf 93' lang='lat' dir='ltr'>in</span> <span class='ocrx_word' id='word_1_205' title='bbox 774 2524 917 2613; x_wconf 87' lang='lat' dir='ltr'>partibus</span> <span class='ocrx_word' id='word_1_206' title='bbox 937 2524 1096 2590; x_wconf 90' lang='lat' dir='ltr'>nonnullis</span> <span class='ocrx_word' id='word_1_207' title='bbox 1109 2537 1142 2590; x_wconf 91' lang='lat' dir='ltr'>et</span> <span class='ocrx_word' id='word_1_208' title='bbox 1155 2524 1275 2590; x_wconf 87' lang='lat' dir='ltr'>casibus</span> <span class='ocrx_word' id='word_1_209' title='bbox 1289 2522 1379 2590; x_wconf 79' lang='lat' dir='ltr'>vitae</span> 
     </span>
     <span class='ocr_line' id='line_1_26' title="bbox 329 2609 1379 2686; baseline 0.002 -13"><span class='ocrx_word' id='word_1_210' title='bbox 329 2609 485 2676; x_wconf 83' lang='lat' dir='ltr'>humanae</span> <span class='ocrx_word' id='word_1_211' title='bbox 511 2610 756 2686; x_wconf 81' lang='lat' dir='ltr'>adumbrandis3</span> <span class='ocrx_word' id='word_1_212' title='bbox 787 2612 895 2678; x_wconf 89' lang='lat' dir='ltr'>orbem</span> <span class='ocrx_word' id='word_1_213' title='bbox 923 2623 1078 2677; x_wconf 87' lang='lat' dir='ltr'>terrarum</span> <span class='ocrx_word' id='word_1_214' title='bbox 1107 2635 1163 2676; x_wconf 88' lang='lat' dir='ltr'>seu</span> <span class='ocrx_word' id='word_1_215' title='bbox 1191 2610 1379 2678; x_wconf 90' lang='lat' dir='ltr'>universum</span> 
     </span>
     <span class='ocr_line' id='line_1_27' title="bbox 329 2695 1378 2852; baseline 0.001 -90"><span class='ocrx_word' id='word_1_216' title='bbox 329 2719 402 2852; x_wconf 56' lang='lat' dir='ltr'>ffipp</span> <span class='ocrx_word' id='word_1_217' title='bbox 418 2697 590 2785; x_wconf 85' lang='lat' dir='ltr'>exprimere</span> <span class='ocrx_word' id='word_1_218' title='bbox 604 2696 708 2776; x_wconf 90' lang='lat' dir='ltr'>vellet,</span> <span class='ocrx_word' id='word_1_219' title='bbox 720 2697 762 2761; x_wconf 87' lang='lat' dir='ltr'>ad</span> <span class='ocrx_word' id='word_1_220' title='bbox 775 2697 909 2764; x_wconf 83' lang='lat' dir='ltr'>formam</span> <span class='ocrx_word' id='word_1_221' title='bbox 923 2697 1128 2768; x_wconf 76' lang='lat' dir='ltr'>orbicularem</span> <span class='ocrx_word' id='word_1_222' title='bbox 1142 2696 1232 2764; x_wconf 86' lang='lat' dir='ltr'>facile</span> <span class='ocrx_word' id='word_1_223' title='bbox 1244 2695 1297 2760; x_wconf 91' lang='lat' dir='ltr'>ille</span> <span class='ocrx_word' id='word_1_224' title='bbox 1309 2697 1378 2772; x_wconf 82' lang='lat' dir='ltr'>fuit</span> 
     </span>
    </p>

    <p class='ocr_par' dir='ltr' id='par_1_6' title="bbox 394 2797 614 2854">
     <span class='ocr_line' id='line_1_28' title="bbox 394 2797 614 2854; baseline 0 -6"><span class='ocrx_word' id='word_1_225' title='bbox 394 2797 494 2854; x_wconf 86' lang='lat' dir='ltr'>nctus,</span> <span class='ocrx_word' id='word_1_226' title='bbox 567 2836 570 2846; x_wconf 85' lang='lat'><em>.</em></span> <span class='ocrx_word' id='word_1_227' title='bbox 610 2799 614 2804; x_wconf 86' lang='lat'>&#39;</span> 
     </span>
    </p>

    <p class='ocr_par' dir='ltr' id='par_1_7' title="bbox 327 2869 1378 3319">
     <span class='ocr_line' id='line_1_29' title="bbox 373 2869 1378 2958; baseline 0 -22"><span class='ocrx_word' id='word_1_228' title='bbox 373 2871 540 2949; x_wconf 81' lang='lat' dir='ltr'>Quomodo</span> <span class='ocrx_word' id='word_1_229' title='bbox 559 2884 664 2938; x_wconf 85' lang='lat' dir='ltr'>autem</span> <span class='ocrx_word' id='word_1_230' title='bbox 686 2872 754 2936; x_wconf 89' lang='lat' dir='ltr'>fieri</span> <span class='ocrx_word' id='word_1_231' title='bbox 816 2872 922 2951; x_wconf 92' lang='lat' dir='ltr'>tuerit,</span> <span class='ocrx_word' id='word_1_232' title='bbox 939 2885 976 2938; x_wconf 94' lang='lat' dir='ltr'>ut</span> <span class='ocrx_word' id='word_1_233' title='bbox 993 2873 1055 2936; x_wconf 77' lang='lat' dir='ltr'>teta</span> <span class='ocrx_word' id='word_1_234' title='bbox 1069 2881 1171 2936; x_wconf 83' lang='lat' dir='ltr'>aetate</span> <span class='ocrx_word' id='word_1_235' title='bbox 1183 2869 1295 2958; x_wconf 88' lang='lat' dir='ltr'>aliquis</span> <span class='ocrx_word' id='word_1_236' title='bbox 1310 2870 1378 2936; x_wconf 84' lang='lat' dir='ltr'>tale</span> 
     </span>
     <span class='ocr_line' id='line_1_30' title="bbox 327 2957 1377 3058; baseline -0.003 -32"><span class='ocrx_word' id='word_1_237' title='bbox 327 2970 550 3058; x_wconf 78' lang='lat' dir='ltr'>argumentum</span> <span class='ocrx_word' id='word_1_238' title='bbox 573 2958 708 3024; x_wconf 89' lang='lat' dir='ltr'>carmine</span> <span class='ocrx_word' id='word_1_239' title='bbox 734 2982 751 3021; x_wconf 93' lang='lat' dir='ltr'>r</span> <span class='ocrx_word' id='word_1_240' title='bbox 791 2959 932 3024; x_wconf 90' lang='lat' dir='ltr'>dendum</span> <span class='ocrx_word' id='word_1_241' title='bbox 957 2957 1061 3023; x_wconf 90' lang='lat' dir='ltr'>animo</span> <span class='ocrx_word' id='word_1_242' title='bbox 1086 2957 1271 3058; x_wconf 89' lang='lat' dir='ltr'>conciperet,</span> <span class='ocrx_word' id='word_1_243' title='bbox 1296 2971 1377 3023; x_wconf 90' lang='lat' dir='ltr'>sunt</span> 
     </span>
     <span class='ocr_line' id='line_1_31' title="bbox 329 3043 1378 3134; baseline 0.002 -26"><span class='ocrx_word' id='word_1_244' title='bbox 329 3057 378 3108; x_wconf 92' lang='lat' dir='ltr'>ut1</span> <span class='ocrx_word' id='word_1_245' title='bbox 400 3069 440 3110; x_wconf 92' lang='lat' dir='ltr'>ue</span> <span class='ocrx_word' id='word_1_246' title='bbox 466 3044 627 3125; x_wconf 87' lang='lat' dir='ltr'>nonnulla,</span> <span class='ocrx_word' id='word_1_247' title='bbox 652 3044 769 3133; x_wconf 87' lang='lat' dir='ltr'>quibus</span> <span class='ocrx_word' id='word_1_248' title='bbox 794 3045 899 3110; x_wconf 86' lang='lat' dir='ltr'>doceri</span> <span class='ocrx_word' id='word_1_249' title='bbox 922 3057 1035 3134; x_wconf 88' lang='lat' dir='ltr'>potest,</span> <span class='ocrx_word' id='word_1_250' title='bbox 1059 3043 1378 3132; x_wconf 85' lang='lat' dir='ltr'>haud1mprobabile</span> 
     </span>
     <span class='ocr_line' id='line_1_32' title="bbox 327 3069 1371 3222; baseline 0 -26"><span class='ocrx_word' id='word_1_251' title='bbox 327 3069 407 3198; x_wconf 71' lang='lat' dir='ltr'>illud</span> <span class='ocrx_word' id='word_1_252' title='bbox 420 3131 527 3198; x_wconf 91' lang='lat' dir='ltr'>videri.</span> <span class='ocrx_word' id='word_1_253' title='bbox 551 3132 745 3198; x_wconf 84' lang='lat' dir='ltr'>Graecorum</span> <span class='ocrx_word' id='word_1_254' title='bbox 758 3131 1000 3222; x_wconf 88' lang='lat' dir='ltr'>philosophandi</span> <span class='ocrx_word' id='word_1_255' title='bbox 1014 3144 1143 3198; x_wconf 90' lang='lat' dir='ltr'>conatus</span> <span class='ocrx_word' id='word_1_256' title='bbox 1158 3131 1198 3196; x_wconf 90' lang='lat' dir='ltr'>ab</span> <span class='ocrx_word' id='word_1_257' title='bbox 1211 3153 1258 3209; x_wconf 80' lang='lat' dir='ltr'>ea,</span> <span class='ocrx_word' id='word_1_258' title='bbox 1269 3153 1371 3218; x_wconf 82' lang='lat' dir='ltr'>quam</span> 
     </span>
     <span class='ocr_line' id='line_1_33' title="bbox 329 3216 1376 3319; baseline 0.002 -37"><span class='ocrx_word' id='word_1_259' title='bbox 329 3240 386 3282; x_wconf 90' lang='lat' dir='ltr'>nos</span> <span class='ocrx_word' id='word_1_260' title='bbox 400 3218 561 3306; x_wconf 86' lang='lat' dir='ltr'>physicam</span> <span class='ocrx_word' id='word_1_261' title='bbox 572 3219 756 3318; x_wconf 28' lang='lat' dir='ltr'>‘generalem</span> <span class='ocrx_word' id='word_1_262' title='bbox 775 3217 981 3307; x_wconf 85' lang='lat' dir='ltr'>appellamus,</span> <span class='ocrx_word' id='word_1_263' title='bbox 996 3243 1016 3284; x_wconf 90' lang='lat' dir='ltr'>a</span> <span class='ocrx_word' id='word_1_264' title='bbox 1029 3217 1226 3319; x_wconf 78' lang='lat' dir='ltr'>cosmogonia</span> <span class='ocrx_word' id='word_1_265' title='bbox 1237 3229 1269 3282; x_wconf 89' lang='lat' dir='ltr'>et</span> <span class='ocrx_word' id='word_1_266' title='bbox 1283 3216 1376 3284; x_wconf 80' lang='lat' dir='ltr'>theo.</span> 
     </span>
    </p>
   </div>
   <div class='ocr_carea' id='block_1_3' title="bbox 156 3296 1372 3405">
    <p class='ocr_par' dir='ltr' id='par_1_8' title="bbox 156 3296 1372 3405">
     <span class='ocr_line' id='line_1_34' title="bbox 156 3296 1372 3405; baseline -0.012 -22"><span class='ocrx_word' id='word_1_267' title='bbox 156 3296 161 3312; x_wconf 49' lang='lat'>⁸</span> <span class='ocrx_word' id='word_1_268' title='bbox 245 3375 248 3380; x_wconf 90' lang='lat'>.</span> <span class='ocrx_word' id='word_1_269' title='bbox 328 3304 432 3392; x_wconf 66' lang='grc' dir='ltr'>Βοῐίὶα,</span> <span class='ocrx_word' id='word_1_270' title='bbox 445 3327 630 3405; x_wconf 77' lang='lat' dir='ltr'>processmse</span> <span class='ocrx_word' id='word_1_271' title='bbox 644 3305 718 3372; x_wconf 89' lang='lat' dir='ltr'>satis</span> <span class='ocrx_word' id='word_1_272' title='bbox 732 3318 862 3386; x_wconf 87' lang='lat' dir='ltr'>constat,</span> <span class='ocrx_word' id='word_1_273' title='bbox 875 3329 932 3370; x_wconf 88' lang='lat' dir='ltr'>nec</span> <span class='ocrx_word' id='word_1_274' title='bbox 945 3305 1040 3371; x_wconf 90' lang='lat' dir='ltr'>modo</span> <span class='ocrx_word' id='word_1_275' title='bbox 1054 3305 1264 3394; x_wconf 75' lang='lat' dir='ltr'>antiquiorum</span> <span class='ocrx_word' id='word_1_276' title='bbox 1278 3327 1372 3385; x_wconf 79' lang='lat' dir='ltr'>aevo,</span> 
     </span>
    </p>
   </div>
   <div class='ocr_carea' id='block_1_4' title="bbox 329 3391 1374 3482">
    <p class='ocr_par' dir='ltr' id='par_1_9' title="bbox 329 3391 1374 3482">
     <span class='ocr_line' id='line_1_35' title="bbox 329 3391 1374 3482; baseline 0.003 -27"><span class='ocrx_word' id='word_1_277' title='bbox 329 3413 439 3456; x_wconf 89' lang='lat' dir='ltr'>verum</span> <span class='ocrx_word' id='word_1_278' title='bbox 454 3404 547 3458; x_wconf 82' lang='lat' dir='ltr'>etiam</span> <span class='ocrx_word' id='word_1_279' title='bbox 561 3416 599 3458; x_wconf 88' lang='lat' dir='ltr'>ea</span> <span class='ocrx_word' id='word_1_280' title='bbox 612 3406 724 3472; x_wconf 87' lang='lat' dir='ltr'>aetate,</span> <span class='ocrx_word' id='word_1_281' title='bbox 739 3417 804 3482; x_wconf 90' lang='lat' dir='ltr'>qua</span> <span class='ocrx_word' id='word_1_282' title='bbox 824 3392 857 3458; x_wconf 95' lang='lat' dir='ltr'>in</span> <span class='ocrx_word' id='word_1_283' title='bbox 877 3392 972 3458; x_wconf 80' lang='lat' dir='ltr'>Italia</span> <span class='ocrx_word' id='word_1_284' title='bbox 990 3405 1022 3456; x_wconf 94' lang='lat' dir='ltr'>et</span> <span class='ocrx_word' id='word_1_285' title='bbox 1040 3392 1072 3456; x_wconf 91' lang='lat' dir='ltr'>in</span> <span class='ocrx_word' id='word_1_286' title='bbox 1095 3391 1185 3457; x_wconf 89' lang='lat' dir='ltr'>Ionia</span> <span class='ocrx_word' id='word_1_287' title='bbox 1203 3391 1245 3458; x_wconf 87' lang='lat' dir='ltr'>ad</span> <span class='ocrx_word' id='word_1_288' title='bbox 1264 3413 1374 3458; x_wconf 89' lang='lat' dir='ltr'>rerum</span> 
     </span>
    </p>
   </div>
   <div class='ocr_carea' id='block_1_5' title="bbox 328 3477 1375 3655">
    <p class='ocr_par' dir='ltr' id='par_1_10' title="bbox 328 3477 1375 3655">
     <span class='ocr_line' id='line_1_36' title="bbox 328 3477 1375 3630; baseline -0.003 -88"><span class='ocrx_word' id='word_1_289' title='bbox 328 3501 451 3578; x_wconf 80' lang='lat' dir='ltr'>caussas</span> <span class='ocrx_word' id='word_1_290' title='bbox 464 3479 696 3568; x_wconf 86' lang='lat' dir='ltr'>investigandas</span> <span class='ocrx_word' id='word_1_291' title='bbox 713 3479 857 3546; x_wconf 84' lang='lat' dir='ltr'>excitata</span> <span class='ocrx_word' id='word_1_292' title='bbox 868 3491 943 3545; x_wconf 89' lang='lat' dir='ltr'>sunt</span> <span class='ocrx_word' id='word_1_293' title='bbox 962 3479 1136 3630; x_wconf 86' lang='lat' dir='ltr'>sapientum</span> <span class='ocrx_word' id='word_1_294' title='bbox 1155 3477 1288 3566; x_wconf 84' lang='lat' dir='ltr'>ingenia,</span> <span class='ocrx_word' id='word_1_295' title='bbox 1303 3501 1375 3544; x_wconf 78' lang='lat' dir='ltr'>car.</span> 
     </span>
     <span class='ocr_line' id='line_1_37' title="bbox 328 3565 1373 3655; baseline -0.002 -21"><span class='ocrx_word' id='word_1_296' title='bbox 328 3588 414 3635; x_wconf 79' lang='lat' dir='ltr'>mina</span> <span class='ocrx_word' id='word_1_297' title='bbox 431 3566 471 3634; x_wconf 92' lang='lat' dir='ltr'>de</span> <span class='ocrx_word' id='word_1_298' title='bbox 490 3580 604 3632; x_wconf 89' lang='lat' dir='ltr'>natura</span> <span class='ocrx_word' id='word_1_299' title='bbox 623 3589 729 3633; x_wconf 91' lang='lat' dir='ltr'>rerum</span> <span class='ocrx_word' id='word_1_300' title='bbox 750 3565 866 3655; x_wconf 83' lang='lat' dir='ltr'>scripta</span> <span class='ocrx_word' id='word_1_301' title='bbox 886 3589 952 3632; x_wconf 86' lang='lat' dir='ltr'>esse</span> <span class='ocrx_word' id='word_1_302' title='bbox 972 3589 1073 3653; x_wconf 84' lang='lat' dir='ltr'>pura</span> <span class='ocrx_word' id='word_1_303' title='bbox 1118 3567 1276 3652; x_wconf 87' lang='lat' dir='ltr'>Expressa</span> <span class='ocrx_word' id='word_1_304' title='bbox 1293 3581 1373 3632; x_wconf 87' lang='lat' dir='ltr'>sunt</span> 
     </span>
    </p>
   </div>
   <div class='ocr_carea' id='block_1_6' title="bbox 246 3650 1393 4440">
    <p class='ocr_par' dir='ltr' id='par_1_11' title="bbox 246 3650 1393 4440">
     <span class='ocr_line' id='line_1_38' title="bbox 328 3650 1372 3742; baseline -0.003 -21"><span class='ocrx_word' id='word_1_305' title='bbox 328 3651 480 3721; x_wconf 83' lang='lat' dir='ltr'>elementa</span> <span class='ocrx_word' id='word_1_306' title='bbox 493 3677 566 3718; x_wconf 90' lang='lat' dir='ltr'>cum</span> <span class='ocrx_word' id='word_1_307' title='bbox 576 3677 686 3724; x_wconf 88' lang='lat' dir='ltr'>eorum</span> <span class='ocrx_word' id='word_1_308' title='bbox 699 3652 966 3742; x_wconf 88' lang='lat' dir='ltr'>coagmentatione</span> <span class='ocrx_word' id='word_1_309' title='bbox 976 3651 1068 3716; x_wconf 91' lang='lat' dir='ltr'>variis</span> <span class='ocrx_word' id='word_1_310' title='bbox 1081 3651 1183 3716; x_wconf 88' lang='lat' dir='ltr'>modis</span> <span class='ocrx_word' id='word_1_311' title='bbox 1191 3650 1372 3740; x_wconf 89' lang='lat' dir='ltr'>symbolicis</span> 
     </span>
     <span class='ocr_line' id='line_1_39' title="bbox 327 3737 1393 3829; baseline -0.005 -25"><span class='ocrx_word' id='word_1_312' title='bbox 327 3752 384 3806; x_wconf 91' lang='lat' dir='ltr'>aut</span> <span class='ocrx_word' id='word_1_313' title='bbox 397 3740 534 3828; x_wconf 90' lang='lat' dir='ltr'>tropicis,</span> <span class='ocrx_word' id='word_1_314' title='bbox 546 3752 614 3806; x_wconf 92' lang='lat' dir='ltr'>tum</span> <span class='ocrx_word' id='word_1_315' title='bbox 628 3740 697 3829; x_wconf 83' lang='lat' dir='ltr'>ipsa</span> <span class='ocrx_word' id='word_1_316' title='bbox 710 3764 842 3829; x_wconf 88' lang='lat' dir='ltr'>corpora</span> <span class='ocrx_word' id='word_1_317' title='bbox 854 3739 997 3808; x_wconf 86' lang='lat' dir='ltr'>caelestia</span> <span class='ocrx_word' id='word_1_318' title='bbox 1006 3752 1038 3804; x_wconf 94' lang='lat' dir='ltr'>et</span> <span class='ocrx_word' id='word_1_319' title='bbox 1049 3738 1204 3804; x_wconf 88' lang='lat' dir='ltr'>terrestria</span> <span class='ocrx_word' id='word_1_320' title='bbox 1214 3737 1372 3826; x_wconf 88' lang='lat' dir='ltr'>descripta</span> <span class='ocrx_word' id='word_1_321' title='bbox 1390 3794 1393 3799; x_wconf 91' lang='lat'>.</span> 
     </span>
     <span class='ocr_line' id='line_1_40' title="bbox 326 3823 1370 3916; baseline -0.007 -22"><span class='ocrx_word' id='word_1_322' title='bbox 326 3825 420 3894; x_wconf 67' lang='lat' dir='ltr'>varis</span> <span class='ocrx_word' id='word_1_323' title='bbox 434 3827 545 3906; x_wconf 91' lang='lat' dir='ltr'>modis,</span> <span class='ocrx_word' id='word_1_324' title='bbox 561 3827 654 3892; x_wconf 92' lang='lat' dir='ltr'>modo</span> <span class='ocrx_word' id='word_1_325' title='bbox 673 3850 730 3916; x_wconf 91' lang='lat' dir='ltr'>per</span> <span class='ocrx_word' id='word_1_326' title='bbox 749 3827 838 3896; x_wconf 91' lang='lat' dir='ltr'>lusus</span> <span class='ocrx_word' id='word_1_327' title='bbox 855 3826 1063 3914; x_wconf 85' lang='lat' dir='ltr'>ingeniorum,</span> <span class='ocrx_word' id='word_1_328' title='bbox 1078 3825 1172 3890; x_wconf 91' lang='lat' dir='ltr'>modo</span> <span class='ocrx_word' id='word_1_329' title='bbox 1185 3847 1241 3913; x_wconf 93' lang='lat' dir='ltr'>per</span> <span class='ocrx_word' id='word_1_330' title='bbox 1254 3823 1370 3912; x_wconf 88' lang='lat' dir='ltr'>allego-</span> 
     </span>
     <span class='ocr_line' id='line_1_41' title="bbox 325 3911 1368 4003; baseline -0.004 -23"><span class='ocrx_word' id='word_1_331' title='bbox 325 3914 397 3994; x_wconf 86' lang='lat' dir='ltr'>rias,</span> <span class='ocrx_word' id='word_1_332' title='bbox 420 3914 516 3980; x_wconf 90' lang='lat' dir='ltr'>modo</span> <span class='ocrx_word' id='word_1_333' title='bbox 536 3913 631 3980; x_wconf 91' lang='lat' dir='ltr'>etiam</span> <span class='ocrx_word' id='word_1_334' title='bbox 650 3914 782 4003; x_wconf 84' lang='lat' dir='ltr'>mystica</span> <span class='ocrx_word' id='word_1_335' title='bbox 801 3913 908 4002; x_wconf 90' lang='lat' dir='ltr'>aliqua</span> <span class='ocrx_word' id='word_1_336' title='bbox 932 3911 1177 3986; x_wconf 88' lang='lat' dir='ltr'>adumbratione.</span> <span class='ocrx_word' id='word_1_337' title='bbox 1223 3913 1275 3976; x_wconf 87' lang='lat' dir='ltr'>Ita</span> <span class='ocrx_word' id='word_1_338' title='bbox 1294 3935 1368 3988; x_wconf 81' lang='lat' dir='ltr'>cum</span> 
     </span>
     <span class='ocr_line' id='line_1_42' title="bbox 325 3998 1368 4100; baseline -0.005 -34"><span class='ocrx_word' id='word_1_339' title='bbox 325 4000 537 4090; x_wconf 81' lang='lat' dir='ltr'>peplovariis</span> <span class='ocrx_word' id='word_1_340' title='bbox 555 4000 710 4067; x_wconf 89' lang='lat' dir='ltr'>coloribus</span> <span class='ocrx_word' id='word_1_341' title='bbox 731 4001 817 4090; x_wconf 89' lang='lat' dir='ltr'>picto</span> <span class='ocrx_word' id='word_1_342' title='bbox 836 4011 1020 4100; x_wconf 76' lang='lat' dir='ltr'>prospectus</span> <span class='ocrx_word' id='word_1_343' title='bbox 1041 3998 1151 4063; x_wconf 89' lang='lat' dir='ltr'>mundi</span> <span class='ocrx_word' id='word_1_344' title='bbox 1172 4010 1368 4086; x_wconf 90' lang='lat' dir='ltr'>comparatus</span> 
     </span>
     <span class='ocr_line' id='line_1_43' title="bbox 325 4086 1367 4176; baseline -0.007 -19"><span class='ocrx_word' id='word_1_345' title='bbox 325 4102 383 4168; x_wconf 83' lang='lat' dir='ltr'>est,</span> <span class='ocrx_word' id='word_1_346' title='bbox 404 4087 452 4154; x_wconf 85' lang='lat' dir='ltr'>uti</span> <span class='ocrx_word' id='word_1_347' title='bbox 473 4111 529 4156; x_wconf 90' lang='lat' dir='ltr'>nos</span> <span class='ocrx_word' id='word_1_348' title='bbox 545 4111 674 4176; x_wconf 90' lang='lat' dir='ltr'>quoque</span> <span class='ocrx_word' id='word_1_349' title='bbox 694 4089 817 4154; x_wconf 89' lang='lat' dir='ltr'>coelum</span> <span class='ocrx_word' id='word_1_350' title='bbox 839 4087 934 4154; x_wconf 78' lang='lat' dir='ltr'>stellis</span> <span class='ocrx_word' id='word_1_351' title='bbox 955 4086 1109 4152; x_wconf 89' lang='lat' dir='ltr'>consitum</span> <span class='ocrx_word' id='word_1_352' title='bbox 1130 4108 1202 4150; x_wconf 89' lang='lat' dir='ltr'>cum</span> <span class='ocrx_word' id='word_1_353' title='bbox 1216 4097 1300 4150; x_wconf 88' lang='lat' dir='ltr'>veste</span> <span class='ocrx_word' id='word_1_354' title='bbox 1315 4107 1367 4150; x_wconf 86' lang='lat' dir='ltr'>ex-</span> 
     </span>
     <span class='ocr_line' id='line_1_44' title="bbox 324 4175 1365 4264; baseline -0.009 -19"><span class='ocrx_word' id='word_1_355' title='bbox 324 4198 425 4262; x_wconf 75' lang='lat' dir='ltr'>pensa</span> <span class='ocrx_word' id='word_1_356' title='bbox 434 4199 669 4264; x_wconf 81' lang='lat' dir='ltr'>comparamus3</span> <span class='ocrx_word' id='word_1_357' title='bbox 686 4177 717 4242; x_wconf 89' lang='lat' dir='ltr'><strong>E</strong></span> <span class='ocrx_word' id='word_1_358' title='bbox 730 4175 912 4264; x_wconf 86' lang='lat' dir='ltr'>Pherecyde</span> <span class='ocrx_word' id='word_1_359' title='bbox 927 4185 1067 4262; x_wconf 89' lang='lat' dir='ltr'>superest</span> <span class='ocrx_word' id='word_1_360' title='bbox 1082 4195 1205 4238; x_wconf 89' lang='lat' dir='ltr'>versus:</span> <span class='ocrx_word' id='word_1_361' title='bbox 1223 4176 1281 4245; x_wconf 72' lang='grc' dir='ltr'>Ζὰς</span> <span class='ocrx_word' id='word_1_362' title='bbox 1295 4176 1365 4236; x_wconf 74' lang='grc' dir='ltr'><strong><em>ποιεῖ</em></strong></span> 
     </span>
     <span class='ocr_line' id='line_1_45' title="bbox 246 4259 1360 4351; baseline -0.004 -25"><span class='ocrx_word' id='word_1_363' title='bbox 246 4323 256 4340; x_wconf 72' lang='grc'>,</span> <span class='ocrx_word' id='word_1_364' title='bbox 327 4266 408 4345; x_wconf 74' lang='grc' dir='ltr'><em>φᾶρος</em></span> <span class='ocrx_word' id='word_1_365' title='bbox 422 4262 500 4348; x_wconf 75' lang='grc' dir='ltr'><em>μέγα</em></span> <span class='ocrx_word' id='word_1_366' title='bbox 515 4291 546 4328; x_wconf 82' lang='grc' dir='ltr'>τε</span> <span class='ocrx_word' id='word_1_367' title='bbox 565 4265 613 4328; x_wconf 77' lang='lat' dir='ltr'>rai</span> <span class='ocrx_word' id='word_1_368' title='bbox 635 4264 723 4326; x_wconf 77' lang='grc' dir='ltr'>καλὸν</span> <span class='ocrx_word' id='word_1_369' title='bbox 740 4262 827 4351; x_wconf 88' lang='lat' dir='ltr'>apud</span> <span class='ocrx_word' id='word_1_370' title='bbox 846 4261 997 4330; x_wconf 80' lang='lat' dir='ltr'>Clemens.</span> <span class='ocrx_word' id='word_1_371' title='bbox 1014 4259 1108 4328; x_wconf 82' lang='lat' dir='ltr'>Alex.</span> <span class='ocrx_word' id='word_1_372' title='bbox 1125 4261 1239 4326; x_wconf 85' lang='lat' dir='ltr'>Strom.</span> <span class='ocrx_word' id='word_1_373' title='bbox 1255 4260 1314 4337; x_wconf 93' lang='lat' dir='ltr'>VI,</span> <span class='ocrx_word' id='word_1_374' title='bbox 1330 4280 1360 4344; x_wconf 84' lang='lat' dir='ltr'>p.</span> 
     </span>
     <span class='ocr_line' id='line_1_46' title="bbox 326 4345 1361 4440; baseline -0.009 -24"><span class='ocrx_word' id='word_1_375' title='bbox 326 4349 404 4416; x_wconf 60' lang='lat'>741„</span> <span class='ocrx_word' id='word_1_376' title='bbox 417 4350 500 4414; x_wconf 92' lang='lat' dir='ltr'>Pott.</span> <span class='ocrx_word' id='word_1_377' title='bbox 518 4349 604 4440; x_wconf 91' lang='lat' dir='ltr'>quod</span> <span class='ocrx_word' id='word_1_378' title='bbox 625 4348 771 4418; x_wconf 82' lang='lat' dir='ltr'>illesum</span> <span class='ocrx_word' id='word_1_379' title='bbox 789 4374 847 4416; x_wconf 71' lang='lat' dir='ltr'>vsa.</span> <span class='ocrx_word' id='word_1_380' title='bbox 866 4352 937 4418; x_wconf 69' lang='lat'>483.</span> <span class='ocrx_word' id='word_1_381' title='bbox 962 4361 993 4412; x_wconf 92' lang='lat' dir='ltr'>et</span> <span class='ocrx_word' id='word_1_382' title='bbox 1015 4345 1079 4412; x_wconf 88' lang='grc'>606</span> <span class='ocrx_word' id='word_1_383' title='bbox 1100 4347 1288 4420; x_wconf 61' lang='lat' dir='ltr'>&amp;cerimonias</span> <span class='ocrx_word' id='word_1_384' title='bbox 1308 4366 1361 4410; x_wconf 86' lang='lat' dir='ltr'>no-</span> 
     </span>
    </p>
   </div>
   <div class='ocr_carea' id='block_1_7' title="bbox 0 0 1508 5056">
    <p class='ocr_par' dir='ltr' id='par_1_12' title="bbox 0 0 1508 5056">
     <span class='ocr_line' id='line_1_47' title="bbox 0 0 1508 5056; baseline 0 2"><span class='ocrx_word' id='word_1_385' title='bbox 0 0 1508 5056; x_wconf 95' lang='lat' dir='ltr'> </span> 
     </span>
    </p>
   </div>
  </div>
 </body>
</html>
