3008 5056
442 391 513 482 'An
537 417 685 483 mmo.
709 423 743 484 r.
767 421 841 484 aar.
1104 415 1165 482 161

115 586 225 652 omnia
239 588 313 653 satis
327 587 369 653 ad
382 588 538 676 liquidum
553 591 714 678 perducta
761 593 856 656 Nunc
869 613 944 654 vero
958 590 1097 654 animum
1110 559 1166 655 lra-

116 673 172 738 bui
188 674 265 739 satis
279 676 509 755 confirmatum,
524 690 561 741 ut
576 677 655 742 serio
669 678 709 742 de
722 700 805 742 nova
820 676 952 741 Homeri
967 675 1102 740 editione
1116 701 1167 741 oo-

115 759 262 848 gitarem‚
278 784 351 850 cum
372 763 477 828 adhuc
498 787 555 850 per
574 764 697 829 diversa
718 778 896 852 temporum
913 762 1078 828 intervalla
1094 787 1168 850 opa-

115 869 184 910 ram
199 848 298 912 modo
317 849 532 937 seposuissem,
547 850 707 922 interdum
720 873 848 937 prorsus
862 850 1056 914 damnassem
1071 863 1102 914 et
1116 871 1167 914 me

115 933 239 1021 majora
252 935 372 1000 viribus
393 959 575 1036 aggressum
597 960 617 1000 a
638 950 705 1002 toto
725 937 852 1002 consilio
873 937 940 1024 ipse
960 935 1165 1001 retraxissem.

115 1021 269 1085 Acuebat
293 1021 479 1087 industriam
501 1036 533 1087 et
557 1047 694 1088 amorem
716 1023 831 1110 incepti
850 1023 1046 1102 incendebat,
1068 1021 1166 1109 quod,

116 1105 194 1170 dum
220 1107 355 1172 ulterius
402 1131 561 1196 rogressus
584 1111 736 1189 eram‚'in
759 1134 867 1176 versus
888 1133 960 1174 uc.
982 1111 1108 1178 114117.
1134 1113 1165 1172 Ρ.

116 1131 494 1294 1160.261.1101111111011,
517 1219 608 1282 quos,
628 1195 695 1261 aliis
710 1198 777 1284 jam
799 1197 839 1261 de
860 1197 975 1260 caussis
997 1207 1166 1283 suspectos,

116 1295 211 1344 enam
234 1280 387 1368 drgamnn·
408 1282 553 1370 neglectu
572 1305 700 1370 pecctue
715 1283 1017 1356 animadvertebam
1042 1304 1169 1346 conver-

117 1389 216 1454 soque
232 1366 329 1432 semel
342 1366 384 1432 ad
398 1368 626 1455 rhapsodorum
640 1369 892 1457 interpolationes
906 1369 1010 1434 animo
1024 1368 1168 1433 observa-

117 1465 224 1518 torum
245 1476 388 1519 meorum
408 1478 501 1520 usum
521 1455 657 1542 aliquem
679 1454 721 1520 ad
744 1455 843 1543 ipsam
864 1455 1011 1520 Criticam
1034 1453 1168 1518 Homeri

116 1539 355 1628 exquisitiorem
377 1542 601 1629 agnoscebam
625 1565 760 1630 vereque
785 1541 903 1606 dictum
928 1565 993 1606 esse
1017 1539 1170 1627 intellige-

114 1627 191 1694 bam
211 1649 233 1690 a
247 1626 317 1691 viro
337 1627 460 1693 doctiss.
483 1627 575 1693 Rich.
592 1631 702 1718 Payne
713 1629 846 1716 ‘Knight
863 1634 906 1716 (p.
922 1629 980 1713 84)
1001 1636 1023 1668 “
1038 1626 1104 1691 sine
1122 1626 1169 1691 di-

118 1720 141 1754 ‘⁴
155 1713 280 1811 gummi
289 1714 378 1801 justa
390 1715 502 1779 notitia
514 1737 572 1780 nec
585 1715 754 1815 puritatem
769 1730 800 1780 et
815 1715 1020 1780 sinceritatem
1037 1735 1094 1778 nec
1108 1712 1169 1778 ele-

118 1807 141 1840 cc
376 1801 382 1814 ·
429 1801 435 1814 ·
733 1802 739 1815 ·
781 1803 787 1815 ·
904 1803 932 1835 a.

114 1849 117 1856 -
154 1800 904 1976 {ladddeiiabetctdddiirrnl'eildriecbipbisdlilliiti'idid
925 1889 1006 1976 quae
1029 1885 1169 1952 studium

116 1996 229 2038 meum
244 1973 356 2038 eximie
369 1973 516 2038 aluerunt
530 1988 562 2040 et
575 1975 740 2041 foverunt:
761 1975 878 2064 prodiit
893 1973 1045 2040 Richardi
1060 1975 1170 2062 Payne

118 2059 250 2148 Knight
272 2059 506 2126 subtilissimum
521 2085 601 2149 opus
615 2061 656 2126 de
671 2064 794 2128 Graeco
808 2063 991 2162 Alphabeto
1007 2061 1122 2145 (1791)
1138 2073 1170 2124 et

118 2145 245 2234 perlata
265 2159 312 2210 est
331 2146 366 2210 in
389 2147 590 2213 Germaniam
604 2147 776 2228 Villoisoni,
791 2149 960 2214 docussimi
976 2147 1045 2227 viri,
1063 2145 1170 2210 Iliase

118 2233 200 2298 *coa
223 2233 344 2297 Veneto
358 2256 415 2321 per
428 2233 548 2321 aliquot
562 2257 659 2300 annos
680 2236 878 2322 cupidissime
894 2235 1042 2322 flagitata
1089 2234 1170 2298 Gra-

119 2317 244 2384 tissimo
266 2319 370 2384 animo
389 2321 549 2420 profiteor,
572 2322 613 2386 ad
637 2322 778 2387 notiones
799 2321 903 2387 animo
918 2323 986 2410 jam
1007 2331 1172 2406 conceptas

120 2405 271 2472 subtilius
285 2419 318 2470 et
330 2405 461 2488 felinus,
477 2429 572 2494 quam
587 2407 662 2473 alias
675 2408 742 2472 fieri
756 2408 919 2496 potuisset,
933 2405 1118 2504 digerendos
1139 2417 1172 2469 et

119 2490 334 2572 instruendas,
349 2492 521 2592 plurimum
543 2495 665 2560 fructus
686 2508 718 2560 et
739 2494 882 2559 utilitatis
896 2517 946 2559 me
963 2516 1002 2558 ex
1019 2493 1068 2556 h1s
1083 2491 1171 2556 novis
1298 2555 1303 2566 ,

121 2579 222 2669 copiis
250 2578 417 2680 collegisse.
464 2582 504 2645 In
532 2580 662 2646 Scholiis
689 2581 881 2670 reperiebam
909 2579 1002 2670 plura
1029 2592 1171 2643 veterum
1267 2659 1270 2664 Ι

121 2662 241 2755 placita
262 2679 319 2730 aut
332 2666 465 2765 judicia,
481 2690 563 2755 quae
580 2668 695 2756 partim
714 2669 988 2756 grammaticorum
1004 2664 1172 2755 ignoratio-

120 2775 194 2819 nem
218 2751 404 2840 antiqmoris
425 2755 573 2819 sermonis
594 2767 626 2820 et
648 2755 821 2842 scriptionis
842 2755 1026 2842 arguebant,
1046 2774 1170 2839 meque,

121 2861 161 2904 ue
184 2841 228 2906 iis
253 2839 384 2904 nimium
410 2841 608 2919 confiderem,
633 2842 820 2916 monebaut;
844 2842 958 2930 partim
983 2862 1102 2918 versus,
1129 2838 1171 2902 ad

123 2950 203 3014 quos
224 2925 427 3006 offenderam,
443 2927 535 2992 etiam
557 2941 733 3026 propterea,
749 2928 836 3014 quod
856 2927 889 2990 in
909 2925 1059 3013 digammi
1077 2947 1171 2989 usum

219 3026 289 3080 tum
304 3026 381 3092 erat,
398 3028 557 3102 suspectos
570 3014 798 3102 antiquioribus
812 3027 842 3078 et
858 3011 948 3078 obelo
961 3025 1083 3076 notatos
1105 3033 1172 3075 esse

123 3037 277 3168 iiiecliant
323 3101 448 3164 Interea
469 3099 503 3164 in
524 3101 719 3166 contexendo
732 3124 861 3166 recensu
878 3121 991 3164 vocum
1012 3097 1172 3185 digammo
1242 3127 1245 3132 ·

123 3185 393 3276 insigniendarum
415 3187 538 3251 assidue
559 3188 739 3276 pergebam,
763 3187 902 3274 dumque
922 3186 1046 3250 chartae
1069 3183 1172 3272 operis

124 3273 259 3340 librariis
274 3285 305 3336 et
319 3273 406 3361 prelo
420 3273 589 3338 tradendae
611 3274 687 3340 mihi
708 3273 865 3362 parandae
880 3283 978 3350 erant,
993 3293 1125 3358 eaquae
1139 3269 1173 3334 in

123 3383 255 3426 recensu
278 3371 385 3424 notata
406 3373 505 3439 erant,
520 3360 634 3426 iterum
653 3375 725 3427 cum
745 3359 874 3448 u'ngulis
890 3358 964 3424 locis
982 3357 1171 3446 comparavi,

125 3443 341 3533 nonnullaque
355 3445 466 3512 melius
480 3447 627 3512 constitui
641 3470 731 3536 posse
745 3471 781 3512 ac
795 3446 909 3513 debere
923 3443 1063 3533 pervidi3
1089 3456 1126 3509 ut
1139 3443 1173 3509 in

127 3538 185 3609 εἷος
201 3546 235 3600 et
251 3539 306 3607 for.
325 3538 450 3597 reform.
468 3537 595 3597 fefonnoe
616 3549 648 3600 et
669 3533 832 3599 similibus·
876 3534 929 3597 Ita
941 3532 1111 3598 subustum
1126 3542 1173 3594 est

127 3620 353 3686 vocabularium
374 3618 503 3707 aliquod
523 3610 642 3701 vocum,
654 3622 761 3707 quibua
780 3621 813 3683 in
832 3619 1003 3684 Homericis
1024 3617 1174 3703 digomnii

128 3717 199 3771 nota
212 3705 415 3792 praefigendo
429 3727 492 3770 esse
505 3707 644 3782 videtin
667 3706 754 3795 quod
768 3703 896 3794 quidem
911 3704 1009 3770 altero
1023 3705 1173 3770 Excursu
1228 3767 1235 3777 ,

129 3793 283 3860 sub'ioere
297 3792 385 3856 haud
398 3793 561 3879 gravabor.
877 3813 880 3818 ·

226 3901 279 3944 am
298 3878 449 3946 rationem
472 3901 617 3966 sequerer
637 3878 669 3942 in
692 3878 852 3968 digamma
873 3877 1013 3944 notando
1026 3887 1059 3942 et
1071 3876 1175 3964 expri-

129 3967 256 4046 mendo,
268 3965 326 4029 diu
340 3963 491 4030 dubitavi.
516 3964 723 4030 Homericum
737 3987 861 4031 carmen
873 3965 1001 4054 appioto
1015 3964 1175 4051 digamma

128 4053 284 4118 excudere
307 4051 332 4114 si
349 4050 506 4139 juberem,
528 4051 609 4116 bene
630 4051 811 4131 sentiebam,
833 4075 930 4140 quam
952 4050 1122 4117 abhorrens
1142 4061 1175 4112 et

128 4140 260 4204 molesta
281 4137 352 4204 talis
372 4137 465 4203 lectio
485 4137 595 4203 futura
614 4152 700 4214 erat;
724 4138 816 4203 nimis
833 4160 961 4227 quoque
981 4135 1174 4213 festinatum,

130 4237 162 4292 et
174 4239 302 4292 tautum
316 4245 380 4289 non
395 4223 605 4302 temerarium,
620 4224 655 4288 id
669 4224 833 4292 consilium
851 4224 929 4301 fore,
945 4243 1017 4286 oum
1035 4220 1176 4290 doctrina

132 4309 171 4377 de
189 4313 352 4401 digammo
372 4311 514 4376 nondum
536 4332 596 4375 usn
618 4323 651 4376 et
671 4310 857 4380 auctoritate
879 4308 953 4374 satis
972 4308 1096 4374 firmata
1116 4306 1175 4381 sita

134 4397 272 4464 videram
298 4420 427 4484 quoque
451 4396 555 4485 ipsum
582 4396 666 4461 Tho.
689 4389 827 4484 Burgess
851 4395 987 4490 alienum
1009 4418 1028 4468 a
1053 4391 1109 4462 tali
1132 4393 1179 4458 in-

641 4504 667 4547 Μ
973 4525 986 4533 .
