2998 5052
328 352 403 428 ,236
687 349 939 418 EXCURSUS
964 350 1034 415 III.

338 539 389 592 tae
402 525 571 590 liberarent
584 525 625 591 ab
638 521 686 604 iis,
702 547 784 624 quae
804 522 960 610 juveniles
974 521 1093 588 animos
1106 541 1308 608 corrumpere
1322 518 1387 607 ple-

287 621 291 630 '
338 612 450 700 bisque
463 610 567 698 impiis
586 610 858 700 superstitionibus
875 608 1063 697 patrocinari
1088 620 1237 695 possent;
1261 621 1294 672 et
1313 607 1387 671 sub-

337 697 444 765 stitere
458 698 524 762 fere
538 697 583 763 illi
597 698 680 763 intra
693 695 1015 785 allegorias'physicas
1029 710 1061 760 et
1075 695 1199 760 ethicas.
1238 695 1287 758 At
1302 693 1384 758 euim

333 807 511 850 'successere
532 783 596 863 alii,
608 787 828 883 grammatici,
849 787 999 862 rhetores,
1013 797 1045 846 et
1066 783 1236 866 sophistae,
1250 779 1308 867 qui
1330 803 1386 844 seu

339 883 455 935 temere
469 884 501 935 et
521 870 644 958 judicio
665 869 760 934 animi
784 868 884 950 nullo,
905 893 960 934 seu
979 869 1087 968 inepta
1108 866 1225 955 ingenii
1250 879 1387 930 ostenta-

338 957 432 1036 tione,
462 957 589 1044 mythos
610 969 730 1022 veteres
750 957 936 1044 promiscue,
959 954 1054 1020 nullis
1074 953 1189 1019 habitis
1210 951 1386 1017 rationibus

337 1043 564 1122 diversitatum,
580 1067 652 1108 cum
671 1066 793 1108 summa
807 1042 1001 1130 ignoratione
1018 1056 1117 1120 ortus,
1137 1053 1278 1116 naturae,
1297 1063 1385 1118 usus,

337 1129 531 1218 mythorum,
547 1143 670 1194 tantum
687 1130 722 1194 id
744 1133 845 1218 egere,
868 1142 905 1193 ut
929 1151 1054 1194 sensum
1072 1125 1336 1216 qualemcunque,
1352 1125 1384 1188 in

337 1215 484 1314 mythum
506 1215 667 1295 inferrent,
685 1216 860 1281 dummodo
879 1238 942 1280 non
983 1214 1123 1302 roprium
1146 1237 1182 1276 ac
1200 1235 1311 1276 verum
1330 1213 1384 1276 ad-

336 1316 517 1378 mitterent3
541 1303 573 1367 hi
597 1327 637 1368 ue
658 1303 754 1368 modo
781 1301 884 1390 plura,
907 1239 1001 1366 modo
1029 1300 1135 1366 omnia
1162 1298 1381 1386 allegoriarum

359 1412 456 1470 encra,
479 1327 691 1454 confuderunt
712 1404 744 1453 et
765 1388 939 1476 promiscue
961 1387 1160 1476 copularunt,
1182 1385 1272 1449 haud
1295 1385 1381 1472 digni

333 1414 390 1556 illi,
406 1499 543 1563 quorum
553 1475 681 1565 'ineptiis
701 1475 903 1540 immoremur
917 1473 1105 1540 enarrandis
1150 1474 1202 1537 Ex
1215 1470 1265 1536 his
1280 1489 1382 1536 tamen

333 1587 373 1628 ac
387 1562 539 1628 similibus
553 1562 735 1627 commentis
749 1572 916 1630 manarunt
932 1572 1101 1650 systemata
1113 1558 1265 1646 pleraque
1280 1582 1384 1623 recen-

335 1649 451 1716 tiorum
466 1649 686 1738 mythologica,
702 1651 743 1714 ab
758 1672 823 1714 uno
837 1648 903 1712 fere
919 1670 1025 1712 rerum
1044 1669 1158 1734 genere
1172 1668 1340 1733 progressa
1353 1661 1384 1710 et

335 1737 378 1800 ad
392 1759 492 1802 unum
510 1735 696 1824 plerumque
719 1736 837 1800 fontem
858 1756 982 1800 omnem
1002 1732 1185 1821 mythorum
1201 1732 1383 1797 varietatem

335 1837 367 1889 et
381 1823 603 1902 diversitatem,
615 1823 758 1910 quamvis
779 1821 995 1901 reluctantem,
1011 1817 1162 1885 machinis
1176 1818 1278 1884 omnis
1291 1843 1384 1907 gene-

333 1909 376 1974 ris
390 1909 548 1989 adhibitis,
562 1909 760 1977 retrahentia.

338 2051 341 2058 ,
381 1993 839 2080 Sophistarum'molitionibus
863 1996 964 2061 multo
987 1995 1091 2060 minus
1110 1993 1230 2082 aliquid
1245 1993 1383 2059 tribuere

335 2083 493 2148 debebant
513 2082 578 2146 viri·
596 2083 777 2174 prudentes,
799 2105 937 2169 namque
962 2081 1007 2146 illi
1030 2081 1229 2169 ingeniorum
1252 2104 1380 2144 suorum

334 2170 548 2255 experimenta
561 2169 653 2234 edere
667 2171 846 2248 credebant,
863 2169 888 2234 si
902 2183 1066 2258 poetarum
1078 2167 1201 2232 fabulas
1215 2167 1249 2231 in
1264 2191 1379 2232 novum

335 2279 459 2320 sensum
481 2253 770 2344 interpretarentur.
787 2301 794 2314 ·
809 2258 1094 2321 Declamationum
1106 2277 1235 2342 quoque
1253 2277 1382 2318 suarum

335 2356 556 2430 argumentum
576 2343 635 2408 hoc
659 2343 901 2420 constituebant,
917 2356 954 2407 ut
976 2355 1142 2430 poetarum
1160 2354 1339 2406 commenta
1352 2355 1381 2406 et

334 2429 460 2518 mythos
484 2429 578 2494 modo
599 2429 814 2507 defenderent,
830 2428 924 2492 modo
944 2427 1132 2506 refellerent,
1148 2427 1243 2491 modo
1261 2441 1381 2498 contra·

334 2516 417 2580 rium
445 2531 606 2604 ponerent.
651 2518 704 2580 Ex
723 2517 784 2580 hoc
807 2538 921 2616 genere
944 2529 991 2580 est
1020 2517 1141 2580 Dionis
1166 2514 1381 2602 chrysostomi

336 2602 445 2668 Oratio
461 2603 530 2666 XI.
545 2603 586 2668 ad
610 2601 739 2666 Ilienses
763 2617 888 2690 scripta,
904 2613 941 2666 ut
959 2601 992 2665 in
1018 2624 1127 2665 eorum
1188 2600 1297 2680 etiam,
1314 2603 1381 2665 Ho-

333 2689 410 2753 meri
431 2687 658 2752 criminationes
679 2688 853 2774 priscorum
877 2688 1089 2776 Trojanorum
1113 2687 1142 2752 d'
1158 2700 1264 2761 ueret;
1291 2689 1380 2775 cujus

333 2774 471 2862 argutias
493 2772 684 2861 sophisticas,
698 2789 773 2839 cum
794 2774 861 2864 ipse
881 2789 945 2839 tam
968 2775 1083 2840 diserte
1103 2773 1266 2838 consilium
1289 2799 1379 2839 suum

333 2860 422 2926 butio
441 2860 544 2926 statim
567 2859 714 2940 declaret,
733 2861 808 2926 viris
828 2861 928 2926 doctis
942 2861 1086 2926 fraudem
1107 2861 1209 2924 facere
1230 2861 1380 2948 potuisse,

334 2961 371 3012 ut
385 2947 503 3013 homini
518 2971 680 3036 personam
696 2947 832 3013 historici
849 2947 992 3036 alicujus,
1003 2961 1163 3035 comperta
1176 2971 1196 3012 a
1210 2971 1242 3011 se
1258 2948 1384 3012 traden-

333 3034 383 3113 tis,
399 3033 593 3122 effingerent,
608 3033 662 3098 vix
678 3035 751 3100 satis
765 3034 835 3099 licet
855 3035 988 3122 assequi,
1004 3034 1063 3098 nisi
1082 3057 1135 3098 eos
1151 3043 1261 3098 'omnes
1281 3035 1380 3099 notio-

333 3145 387 3186 nes
397 3121 500 3209 justas
514 3120 554 3184 de
569 3121 631 3185 fide
645 3121 792 3186 historica
804 3121 922 3208 fugisse
936 3120 1128 3186 concesseris.
1162 3120 1219 3184 Ad
1227 3120 1313 3184 idem

317 3231 392 3272 nus
407 3206 609 3295 sophisticum
624 3209 788 3273 referenda
810 3224 884 3272 sunt
907 3207 1087 3273 Philostrati
1108 3206 1255 3286 Hernica,
1275 3209 1339 3272 Pto
1350 3233 1379 3272 e-

331 3294 413 3358 maei
436 3294 680 3382 Hephaestionis
702 3295 724 3358 f.
742 3293 822 3358 liber
840 3294 943 3358 variae
964 3293 1157 3372 eruditionis,
1170 3294 1262 3381 cujus
1285 3318 1379 3394 argr-

331 3394 470 3446 mentae
491 3379 598 3467 posuit
616 3381 761 3460 Photius,
775 3381 810 3445 in
835 3380 1040 3459 Bibliotheca,
1056 3380 1140 3444 unde
1159 3404 1196 3444 ea
1219 3380 1301 3446 Gale
1323 3395 1378 3446 rte-

331 3489 402 3532 rum
426 3404 579 3554 vulgavit.
622 3467 812 3531 Thematum
835 3491 874 3532 ex
905 3469 1047 3531 Homero
1068 3466 1302 3554 propositorum
1327 3493 1377 3532 ex-

332 3552 435 3640 empla
448 3551 549 3618 multa
563 3552 667 3618 adhuc
682 3551 791 3618 extant
810 3553 843 3617 in
858 3553 963 3618 Dione
983 3555 1037 3618 Or.
1055 3554 1134 3617 LVI
1147 3551 1219 3640 sqq.
1261 3553 1377 3620 lurein

332 3639 459 3706 Libanii
474 3641 815 3728 Progymnasmatibus.
860 3640 983 3704 Eodem
1007 3641 1150 3718 referam,
1164 3664 1208 3726 qu
1274 3641 1375 3707 Schol.

331 3727 372 3792 ad
382 3726 427 3792 'Il.
447 3731 479 3790 E.
495 3725 560 3792 640
574 3743 748 3793 memorant
761 3728 931 3792 Meneclem
946 3726 986 3790 ali
1010 3750 1082 3792 uem
1096 3749 1236 3814 negasse,
1253 3729 1379 3792 Hercu-

330 3815 392 3880 lem
415 3814 547 3901 'l'rojam
569 3836 785 3902 expugnasse;
811 3813 894 3878 idem
918 3751 1057 3878 fabulam
1079 3813 1119 3876 de
1141 3813 1283 3878 Hercule
1305 3837 1376 3879 cum

330 3899 492 3992 pygmaeis
515 3915 677 3988 pugnante
694 3923 776 3966 novo
798 3900 892 3964 modo
912 3899 1134 3987 interpretatus
1152 3923 1218 3964 esse
1240 3900 1377 3980 videtur,

236 4036 241 4040 ι
330 3985 418 4078 quod
440 4011 479 4052 ex
500 3987 605 4053 vetere
628 3986 752 4054 Scholio
773 4009 823 4074 ap.
851 3983 1057 4052 Eustathium
1078 3986 1119 4050 ad
1140 3983 1179 4050 Ψζ
1202 3989 1299 4067 laet,
1324 3992 1374 4052 928.

330 4074 400 4143 colli
440 4097 474 4138 re
487 4074 567 4140 licet.
605 4083 606 4090 ’

383 4099 446 4226 His
466 4160 541 4247 ipsis
563 4174 667 4225 tamen
690 4158 881 4224 molestiores
910 4172 984 4224 sunt
1003 4161 1209 4244 grammatici,
1234 4184 1301 4226 non
1324 4185 1375 4226 an-

331 4248 500 4335 tiquiores;
532 4270 605 4314 nam
635 4247 657 4310 ii
682 4247 758 4324 fere,
793 4260 830 4310 ut
860 4249 980 4326 Crates,
1007 4245 1224 4346 philosophica
1252 4247 1374 4335 sequuti

331 4348 415 4416 sunt,
440 4335 630 4399 Aristarchus
654 4347 771 4424 eutem,
802 4334 968 4422 profitente
993 4333 1168 4422 =Eustat'luo
1192 4336 1243 4424 (p
1262 4339 1313 4419 3.)
1335 4334 1375 4399 ab
