2998 5052
331 361 398 428 306
707 360 1000 436 HERMANNI

333 533 472 600 curatius
487 532 724 602 consideremus.
769 535 830 600 Est
847 547 953 614 autem
971 553 1080 603 earum
1100 530 1143 596 ali
1165 527 1378 614 uento-major

335 642 495 698 numerus,
516 643 613 706 quam
635 620 738 686 visum
759 633 806 686 est
832 619 1026 688 Thiersohio.
1072 555 1166 696 Quitll
1183 616 1278 694 etaim,
1305 635 1380 678 num

335 705 416 794 ὄφρα,
429 703 491 784 ἕως,
507 707 607 786 εἰσόκε,
623 708 684 791 πρὶν
699 730 763 774 non
777 721 852 774 suut
864 705 1036 795 paniculae
1050 703 1237 791 temporales
1247 707 1276 801 ἒ.
1295 699 1377 780 Quin

335 791 423 858 haud
437 815 508 862 raro
522 792 615 859 etiam
635 793 820 880 pronomina
839 792 882 859 sic
901 805 1105 880 usurpantur,
1120 804 1158 856 ut
1177 801 1318 877 apertius
1337 799 1379 850 ta

335 877 417 944 otius
436 879 585 966 temporis
604 879 795 945 notationem
814 879 1001 966 contineant.
1047 881 1152 958 Quare
1166 899 1207 942 ne
1220 876 1300 940 haec
1313 871 1379 960 qui-

336 964 409 1028 dem
431 988 559 1052 prorsus
581 964 769 1054 negligenda
789 979 947 1053 putamus.
993 964 1204 1050 Omninoque,
1219 984 1323 1048 quum
1342 981 1381 1029 ne

336 1050 477 1115 finalium
515 1051 620 1116 uidem
639 1052 865 1138 particularum
883 1051 945 1116 alia
962 1050 1043 1122 ratio
1059 1050 1110 1129 sit,
1125 1049 1170 1115 ita
1184 1047 1379 1123 disseremus,

337 1151 374 1202 ut
387 1075 540 1224 magis‘ie
554 1137 649 1202 modo
663 1138 761 1216 verbi,
776 1161 873 1225 quam
891 1150 1000 1203 utrum
1018 1137 1045 1202 is
1063 1159 1137 1202 cum
1156 1133 1322 1223 temporali
1340 1153 1381 1196 an

337 1221 422 1289 finali
436 1222 590 1321 particula
599 1224 730 1311 junctus
745 1224 795 1302 sit,
810 1246 1007 1311 quaeramus.

382 1308 581 1398 Incipiamus⁴
598 1323 704 1376 autem
725 1312 767 1376 ab
787 1309 967 1388 indicativo,
982 1334 1047 1396 quo
1065 1309 1219 1375 utendum
1234 1331 1312 1386 esse,
1327 1304 1383 1370 ubi

336 1394 377 1458 de
391 1419 425 1460 re
439 1409 524 1461 certa
542 1419 643 1461 sermo
658 1411 715 1477 est,
731 1397 795 1464 sive
810 1421 848 1462 ea
860 1397 944 1462 facta
958 1395 1008 1476 sit,
1024 1395 1088 1460 sive
1107 1396 1173 1476 fiat,
1190 1395 1254 1466 sive
1272 1393 1382 1458 futura

338 1481 389 1560 sit,
405 1496 469 1546 tam
488 1506 508 1548 a
548 1496 633 1556 rtum
648 1496 705 1562 est,
722 1497 757 1550 ut
777 1507 842 1548 non
884 1482 1000 1548 utarim
1019 1505 1172 1568 umquam
1194 1480 1383 1548 exstiturum

336 1590 413 1647 esse,
429 1569 479 1633 cui
517 1593 586 1634 eeo
602 1569 813 1636 dubitandum
828 1507 995 1636 viseretur.
1041 1571 1114 1648 Quo
1132 1568 1234 1657 magis
1251 1566 1382 1632 miratus

338 1675 420 1734 sum,
435 1677 536 1742 quum
552 1654 784 1736 Thiersohium,
799 1656 832 1722 in
868 1657 948 1721 rima
960 1655 1096 1733 illarum,
1110 1679 1191 1742 quas
1203 1653 1321 1743 posuit,
1336 1673 1383 1718 re·

337 1739 496 1828 guarum,
516 1741 676 1808 indicativi
698 1766 790 1813 usum
813 1680 869 1808 ml)
876 1742 956 1808 solas
977 1764 1026 1807 res
1046 1742 1229 1829 praeteritas
1248 1738 1314 1806 vidi
1336 1761 1383 1802 re-

230 1851 235 1862 ·
338 1826 498 1925 stringere.
533 1827 668 1894 Difficile
681 1830 823 1916 profecto
837 1828 888 1909 sit,
903 1828 1055 1893 rationem
1069 1827 1120 1892 vel
1133 1827 1273 1915 aliquam
1286 1824 1384 1912 hujus

338 1935 383 1976 re1
397 1913 582 2001 excogitare.
616 1915 680 1980 Sed
693 1914 841 1992 nimirum
855 1914 1006 2002 exemplis
1019 1913 1070 1978 ille
1084 1937 1150 1979 rem
1165 1913 1316 1978 oonfioere
1330 1934 1384 1980 νο-Δ

337 1997 406 2088 luit.
452 2002 596 2079 Quorum
610 2024 712 2088 quum
731 2015 779 2066 sat
797 2001 899 2067 multa
918 2001 953 2066 in
971 2001 1066 2067 rebus
1079 1998 1266 2091 praeteritis,
1282 2007 1383 2086 panta

338 2087 444 2149 autem
466 2086 499 2150 in
521 2086 637 2151 futuris
658 2087 713 2152 vel.
729 2087 944 2175 praesentibus
958 2086 1075 2159 versari
1091 2086 1223 2166 videret,
1238 2085 1317 2150 haec
1331 2106 1383 2148 ex-

338 2169 485 2258 plicando
508 2172 555 2236 vel
577 2173 729 2248 mutando
750 2195 909 2240 removere
931 2172 1062 2246 studuit
1106 2171 1287 2242 Videamus
1300 2193 1382 2237 vero.

340 2257 453 2344 Odyss.
469 2259 506 2328 Σ.
523 2261 595 2334 272.
612 2260 660 2338 νὺξ
675 2262 697 2322 δ’
719 2261 810 2337 ἔσται,
826 2259 870 2324 ότε
882 2264 920 2338 ’δὴ
940 2258 1072 2346 στογερός
1092 2260 1185 2344 γάμος
1207 2257 1383 2336 ἁνσιβολῆσει

339 2345 485 2426 οὐλομένης
509 2345 607 2426 ἐμέθεν.
644 2347 704 2422 'Ne
785 2346 989 2416 Thierschius
1012 2368 1044 2433 p·
1065 2348 1093 2414 7·
1120 2344 1309 2434 particulam
1334 2341 1385 2406 hic

339 2430 543 2529 temporalem
564 2454 640 2510 esse,
737 2433 870 2520 positam
892 2431 962 2498 vult
982 2455 1041 2519 pro
1061 2432 1191 2498 relativo
1210 2435 1238 2497 tv
1254 2429 1287 2518 ᾗ,
1298 2427 1384 2518 quod

339 2517 487 2603 equrdem
508 2541 571 2582 non
591 2517 683 2583 video
700 2519 895 2606 quomodoa
912 2517 1076 2606 temporali
1095 2518 1321 2607 significatione
1341 2513 1387 2580 di-

339 2625 466 2676 uersum
488 2603 550 2678 sit„
580 2603 666 2681 Quin
687 2627 791 2683 nemo,
813 2605 934 2693 opinor,
956 2628 991 2668 re
1048 2603 1139 2684 etur,
1177 2604 1244 2683 uin,
1269 2602 1296 2668 si
1315 2599 1387 2689 quis

340 2701 492 2799 quaerat„
506 2703 615 2754 unum
636 2690 752 2756 rectius
776 2690 896 2759 dictum
921 2691 972 2771 sit,
1018 2714 1067 2770 oc,
1090 2691 1161 2758 au'
1188 2690 1245 2770 ud,
1270 2689 1386 2762 ἔσσεται

339 2801 427 2863 paup,
438 2775 481 2838 ὅτ’
496 2773 530 2840 οἶν
545 2777 606 2840 ποτ’
622 2776 714 2864 ὀλώλῃ
729 2776 817 2852 Ἴλιος
835 2781 887 2865 tp),
902 2779 1002 2865 magis
1014 2777 1048 2841 in
1061 2777 1277 2864 conjunctim,
1288 2795 1386 2874 quam

339 2859 373 2924 in
386 2861 556 2927 indicativo
569 2862 704 2931 haereat
750 2865 851 2928 Porro
865 2863 952 2950 quod
972 2887 1013 2928 ex
1032 2862 1152 2950 hymno
1164 2861 1325 2949 Apollinis
1339 2859 1386 2930 al-

339 2946 411 3026 fert,
428 2947 472 3012 ότε
487 2948 604 3031 φαίδιμα
618 2949 689 3026 Ιτόξα
703 2949 829 3029 τιταίνει,
838 2949 877 3014 ‚in
891 2972 956 3036 quo
974 2949 1160 3037 particulam
1174 2947 1245 3014 vult
1261 2970 1386 3014 caussa*

339 3030 402 3098 lem
415 3057 492 3114 esse,
507 3035 620 3121 primo,
636 3035 662 3100 si
676 3036 721 3101 ita
737 3048 829 3115 esset,
845 3035 997 3100 sententia
1012 3048 1092 3100 esset
1110 3035 1230 3114 eadem,
1246 3057 1283 3098 ac
1298 3033 1325 3098 si
1339 3032 1387 3096 di-

338 3143 424 3198 oeres
438 3119 478 3186 ότι
493 3123 641 3220 τοξοφόςος
653 3123 725 3220 ἐστὶ,
739 3121 828 3208 quod
842 3134 873 3184 et
887 3120 1024 3186 alienum
1038 3123 1078 3187 ab
1092 3121 1147 3194 illo
1160 3121 1229 3186 loco
1244 3133 1302 3199 est,
1318 3132 1352 3185 et
1366 3143 1387 3184 a

337 3205 488 3274 sermonis
510 3208 673 3272 Homemcr
691 3224 805 3274 natura
825 3208 990 3283 abhorret3
1014 3206 1128 3272 deinde
1146 3207 1216 3306 ipsa
1228 3207 1283 3272 illa
1296 3229 1386 3272 eaus-
1496 3269 1497 3300 ,

339 3291 410 3356 salis
424 3291 609 3382 significatio
626 3293 739 3360 nititur
757 3293 931 3382 temporali,
946 3293 1110 3380 sedatque,
1125 3294 1185 3365 msi
1204 3291 1387 3382 temporalis

338 3375 535 3458 admittatur,
550 3401 673 3448 neeesse
693 3393 749 3444 est.
795 3383 880 3446 Nam
898 3379 977 3468 quid
996 3377 1168 3458 aliud'est‚
1191 3378 1207 3456 ἦ
1229 3383 1260 3458 δὴ
1283 3379 1386 3464 λοίγια

338 3461 409 3546 ἔργ’,
430 3462 475 3538 όσε
496 3467 527 3547 μ’
545 3467 727 3550 όχθοδοσῆσαο
750 3467 856 3549 ἐφήσεις
867 3465 957 3554 ‘'pr,
971 3465 1032 3544 vel,
1047 3465 1079 3530 τί
1096 3465 1126 3530 νό
1146 3465 1328 3551 σεβίζουσιν,
1343 3463 1385 3530 ὅτ’·

337 3551 481 3636 ἀσπερχὲς
501 3550 658 3633 μενεαίνεις,
673 3575 781 3639 quam,
804 3553 918 3616 malum
931 3550 1056 3634 sactum
1076 3552 1144 3630 erit,
1166 3573 1258 3636 quum
1280 3562 1316 3616 lu
1335 3573 1387 3616 ate

339 3654 429 3782 copes
443 3635 595 3716 altercari,
606 3637 657 3702 vel
670 3638 885 3723 qaidsaoiaat,
900 3641 1022 3722 quoodo
1038 3648 1071 3702 ta
1083 3637 1129 3702 sic
1143 3637 1227 3702 irato
1240 3635 1296 3702 es?
1314 3639 1386 3704 Lu·
1496 3705 1497 3708 ,

337 3741 378 3786 cu

465 3806 472 3833 Ι

390 3733 499 3799 entum
514 3745 603 3787 exem
625 3723 693 3790 lum
707 3723 740 3788 in
754 3723 803 3788 his
817 3736 875 3802 est,
891 3724 955 3791 Oti.
966 3730 1004 3788 E.
1013 3722 1087 3790 356.
1103 3721 1126 3788 oi
1139 3749 1187 3806 μοι
1203 3722 1272 3808 lyei,
1286 3724 1334 3806 μὴ
1342 3749 1387 3796 τις
1496 3779 1497 3794 ,

336 3831 383 3888 μοι
397 3811 483 3888 ιὑφοιιν
522 3834 544 3872 ιν
566 3807 643 3874 δόλον
660 3810 728 3874 αὖτε
747 3811 899 3888 ἀθανάτων,
914 3809 959 3874 ὅτε
976 3837 1013 3890 με
1032 3810 1146 3895 σχεδίης
1161 3813 1298 3888 ἀποβῆναι
1313 3808 1388 3874 &vui-
1496 3809 1497 3870 Ϊ

199 3969 207 3986 ⁸
336 3917 391 3977 γιι.
438 3893 461 3958 S
515 3916 591 3959 cave
604 3894 668 3962 huc
685 3897 790 3962 malias
805 3895 897 3972 rltaa
913 3901 957 3960 rt.
971 3898 1023 3960 592.
1039 3899 1119 3962 ἀλλὰ
1140 3895 1195 3960 τόδ
1218 3894 1387 4006 αἰνόνᾶχος

338 3977 448 4062 κραδίην
464 3981 513 4044 καί
528 3981 609 4062 θομδν
622 3982 719 4061 iaciat,
734 3981 835 4046 ὁπότε
849 3984 880 4051 δὴ
894 3985 940 4046 τόν
955 3985 1044 4064 ὁμοῖον
1063 3985 1128 4066 ἀνὴρ
1148 3979 1272 4068 ἐθέλῃσιν
1291 4006 1387 4065 σμερ-

338 4085 401 4142 σοιι,
417 4065 465 4130 καί
480 4065 566 4164 γέρας
583 4064 628 4144 olla
647 4067 808 4150 ἀφελέσθαι,
822 4065 868 4165 ότο
886 4067 985 4152 κράτεϊ
1001 4068 1175 4154 αςοβεβῆιιει.
1220 4067 1307 4134 Nam
1328 4087 1387 4132 ae-

337 4148 1334 4312 lllaiillmifflmsslsffviilllmumopiiniliallieffi
1347 4163 1385 4257 ‘³‘

336 4319 442 4408 βῑβῆκν
465 4259 602 4390 σενδδιίνὶ
623 4324 771 4412 postulat.
817 4326 867 4390 Ut
889 4261 1014 4390 retleaiit
1036 4323 1078 4389 ad
1100 4324 1255 4414 hyum'um
1277 4259 1385 4399 muli,
