3008 5056
457 350 526 416 AD
549 347 757 416 1L1A1).r.
780 351 853 416 884.
1115 352 1178 418 158

135 528 248 582 verunt
261 527 375 616 poetae
394 518 465 600 alia,
480 521 542 586 elia
561 521 767 609 reliquerunt,
781 545 841 609 pro
857 521 1037 588 necessitate
1050 522 1180 594 natrice

135 601 185 666 vel
203 603 350 672 utihtate.
395 607 476 672 Inde
490 609 724 674 commemorari
740 620 873 694 possunt
887 608 1027 686 Aeolica,
1042 631 1124 694 quae
1145 608 1178 674 in

138 689 280 754 Homero
304 715 369 758 non
388 707 568 773 occurrunt,
584 706 616 760 et
636 695 703 759 vice
724 717 821 760 versa
866 696 940 771 Quo
961 703 1079 781 spectat
1099 691 1178 759 illud

135 775 222 860 qu'od
244 777 379 866 Dionys.
395 780 498 845 Halic.
513 793 619 844 narrat
640 780 681 846 'de
700 779 799 856 Velia,
815 779 901 844 urbis
923 779 1044 844 Romae
1065 779 1145 858 loco,
1159 804 1180 844 a

135 883 211 925 voce
227 867 318 941 Ὲελος,
333 887 415 951 quae
429 866 527 953 vulgo
549 867 608 940 ἕλος
623 875 680 945 e'st,
695 865 801 943 ducta,
817 865 905 953 quod
925 864 995 928 loca
1015 878 1104 938 erant
1124 877 1180 951 pn

134 945 257 1026 lustria,
274 951 372 1029 ἑλώδη,
388 955 464 1016 κατὰ
478 954 526 1016 τὸν
540 956 661 1039 ἀρχαῖον
674 957 721 1028 τῆς
736 950 881 1016 διαλέκτου
902 951 1012 1034 τρόπον,
1028 965 1059 1014 et
1073 951 1179 1028 σύνηθες

134 1037 191 1107 τοῖς
214 1038 346 1111 παλαιοῖς
364 1033 506 1115 Ἕλλησιν
522 1035 652 1121 (Aeoles
675 1059 738 1102 non
760 1039 924 1118 memorat)
948 1036 1052 1100 fuisse*
1065 1037 1119 1115 ait,
1143 1049 1180 1102 ut

36 1123 40 1128 '
133 1121 246 1182 Οοελοα
259 1122 507 1207 pronuntiarent
543 1123 647 1210 Atqui
661 1123 747 1210 apud
764 1125 941 1188 Homerum
955 1123 1060 1187 nullus
1074 1123 1108 1186 in
1121 1122 1181 1188 hac

135 1225 215 1270 voce
228 1204 380 1293 digammi
395 1221 471 1273 usus
485 1209 630 1274 occurrit.
842 1265 846 1281 .

180 1294 232 1356 De
247 1293 377 1358 Aeolica
396 1293 529 1360 dialecto
551 1295 679 1359 seriores
700 1294 893 1382 grammatici
914 1295 1042 1360 omniuo
1056 1295 1183 1360 commi-

135 1375 302 1443 niscuntur
316 1379 417 1444 multa'
431 1395 462 1446 et
476 1381 669 1456 ariolantur;
687 1403 793 1468 pauca
805 1403 845 1446 ex
860 1405 895 1444 re
909 1396 1045 1446 tenuere.
1085 1381 1182 1446 Unde

135 1463 221 1527 enim
247 1465 409 1530 Aeolicam
430 1465 599 1532 dialectum
620 1467 780 1553 antiquam
803 1490 840 1531 co
883 1480 1033 1545 oscerent,
1049 1489 1112 1532 non
1134 1466 1182 1531 di·

135 1572 217 1627 cam,
234 1551 409 1638 Gregorius
423 1553 618 1632 Corinthius,
633 1556 657 1617 J
658 1575 773 1620 oannes
790 1553 840 1616 Ph
864 1575 995 1640 oponus,
1011 1570 1043 1618 et
1057 1552 1182 1630 similes,

135 1659 275 1722 quorum
290 1651 391 1702 aetate
404 1638 485 1704 forte
499 1663 539 1704 ne
552 1639 683 1726 vestigia
698 1638 826 1726 quidem
837 1638 975 1702 Aeolum
987 1653 1180 1726 supererant,

136 1745 250 1786 verum
264 1722 473 1788 Alexandrini
494 1738 525 1790 et
548 1725 699 1790 seriores?
722 1724 790 1788 Ubi
812 1739 901 1789 erent
914 1724 1008 1788 urbes
1023 1723 1198 1810 Aeo‘licac,¹

135 1831 219 1896 quae
233 1833 271 1874 ea
286 1823 449 1875 uterentur
463 1811 582 1876 sincera
602 1834 638 1876 ac
682 1813 764 1876 ura?
787 1812 877 1888 Quae
897 1822 1066 1884 tenuerunt
1079 1833 1183 1898 gram-

136 1895 245 1960 matici
258 1919 299 1960 ex
312 1895 414 1982 poetis
426 1897 541 1985 lyricis,
553 1896 609 1985 qui
624 1835 727 1962 adbuc
743 1919 779 1960 su
820 1896 923 1960 rstites
937 1911 1036 1975 erant,
1048 1896 1184 1983 peteuda

136 1981 237 2046 fuere.
282 1983 331 2046 At
353 2004 454 2068 neque
475 1982 525 2047 his
543 1983 747 2083 praecipuum
768 1919 896 2069 alliluod
911 1982 1051 2046 studium
1065 1983 1186 2069 impen-

137 2067 221 2132 disse
235 2067 394 2146 vide'ntur,
409 2085 553 2156 occupati
573 2067 770 2167 potissimum
790 2067 824 2132 in
844 2068 945 2154 poetis
965 2067 1060 2154 epicis
1077 2081 1109 2132 et
1123 2080 1185 2132 tra-

134 2153 235 2304 ῒήοίορ
259 2177 325 2240 quo
347 2154 484 2220 evenisse
506 2177 655 2243 suspicor,
679 2166 801 2220 uttam
823 2166 945 2220 mature
966 2153 1185 2220 interciderent

173 2263 240 2304 ncr.
1136 2281 1138 2286 ·

150 2265 293 2414 ySigna,
309 2343 347 2393 ut
368 2329 573 2417 aspirationis,
588 2332 633 2396 ita
647 2353 774 2419 quoque
795 2329 943 2416 digammi
963 2329 1051 2394 fuere
1066 2327 1183 2392 variae.
1236 2377 1237 2384 ο

136 2415 264 2500 Sequor
278 2415 369 2492 illud,
385 2416 471 2502 quod
492 2440 607 2482 nomen
628 2439 755 2514 quoque
768 2417 843 2481 fecit
856 2414 990 2502 duplicis
1003 2421 1029 2477 Γ
1042 2437 1099 2500 per
1113 2413 1200 2478 che-v

135 2513 290 2564 racterem
315 2503 355 2579 F,
377 2502 430 2566 cui
452 2513 487 2566 ut
510 2503 684 2589 expeditior
707 2502 821 2566 ductus
846 2500 896 2579 sit,
918 2501 952 2564 in
973 2499 1091 2564 minore
1113 2498 1186 2562 scri-

136 2587 407 2673 ptura'substituo
423 2593 452 2666 f,
468 2611 571 2674 neque
585 2587 619 2652 in
632 2588 681 2652 his
694 2587 836 2653 inutilem
856 2585 1058 2652 subtilitatem
1076 2583 1186 2650 sectari

136 2672 259 2759 placet:
284 2673 540 2760 quandoquidem
562 2697 620 2738 nec
641 2672 834 2760 grammatici
854 2686 984 2750 veteres,
999 2671 1055 2759 qni
1077 2671 1117 2734 de
1139 2669 1187 2734 di:

136 2781 268 2845 gammo
283 2772 393 2846 agunt,
409 2759 566 2830 notionem
581 2760 649 2846 ejus
664 2759 737 2824 satis
752 2759 867 2823 claram
889 2771 921 2822 et
942 2757 1066 2822 doctam
1087 2755 1188 2830 habu-

138 2868 203 2923 ere,
220 2868 278 2910 nec
299 2845 368 2932 ipsa
389 2845 477 2931 signa
498 2845 617 2932 ubique
631 2859 714 2908 recte
728 2844 867 2909 exhibita
881 2855 962 2907 sunt
1009 2841 1184 2916 Dawesiiu

137 2931 164 2995 si
179 2931 214 2996 in
228 2930 463 3018 pronuntiando
477 2931 625 3018 sequaris,
637 2930 727 2994 haud
741 2929 944 3016 repugnab03
968 2949 1032 2991 non
1046 2927 1138 2991 etiam
1153 2926 1187 2990 in

138 3017 305 3104 scriptura.
354 3019 474 3103 Sequor
489 3017 679 3095 Bentleium,
695 3015 751 3102 qui
765 3015 876 3103 etipse
892 3013 980 3101 signo
995 3013 1023 3078 F
1039 3026 1072 3078 et
1087 3018 1105 3076 f
1120 3025 1188 3078 ute-

138 3106 249 3170 batur.
1040 3117 1043 3125 '

184 3190 323 3257 Gravior
344 3189 421 3254 mihi
442 3189 577 3255 habetur
597 3189 651 3254 illa
671 3185 1189 3277 quaestior,quinamfue1itusus

138 3277 240 3363 hujus
262 3275 413 3361 digammi
434 3275 521 3362 apud
546 3277 709 3364 antiquosr
733 3295 829 3361 quam
853 3273 916 3338 late
938 3271 1075 3358 patuerit
1083 3291 1100 3346 ς’
1117 3293 1190 3348 con·

138 3377 267 3426 stansne
281 3360 378 3428 fuerit
392 3375 428 3425 ac
443 3375 546 3428 certus
559 3361 593 3426 in
606 3361 705 3426 certis·
712 3359 872 3425 vocabulis
880 3383 896 3433 ;·
914 3371 947 3422 et
968 3379 1122 3444 quaenam
1136 3356 1191 3420 illa

139 3448 261 3513 fuerint
280 3447 443 3525 vocabula,
459 3461 598 3534 quantus
619 3463 728 3512 eorum
749 3467 917 3518 numerus;
942 3456 979 3507 ut
992 3443 1073 3506 inde
1093 3453 1190 3528 appa-j

139 3547 220 3611 reat,
244 3533 434 3619 quibusnam
457 3533 489 3596 in
512 3532 588 3598 locis
612 3533 686 3597 huic
707 3533 737 3596 d'
762 3553 866 3595 ammo
886 3531 985 3594 honos
1007 3549 1083 3592 suus
1104 3527 1192 3609 resti7

141 3619 282 3692 tuendus
304 3619 354 3698 sit,
371 3619 396 3704 si
418 3619 512 3682 modo
534 3619 599 3683 ulla
620 3618 692 3683 inde
710 3556 763 3682 eff
770 3631 896 3705 poetam
914 3613 1121 3702 proficiscitur
1135 3637 1190 3678 seu

176 3825 188 3848 ⁸
205 3816 293 3876 Neque
306 3830 336 3865 ea
348 3829 444 3876 semper
457 3814 512 3876 lage
525 3813 585 3863 sctis
596 3827 649 3862 cer·
689 3815 720 3862 ed
735 3811 860 3868 sinistram
875 3827 980 3862 versam.
1013 3813 1053 3862 lta
1068 3810 1193 3873 signum'l

142 3888 185 3940 λος
199 3881 234 3927 ita
245 3880 271 3927 in
283 3879 365 3928 tabule
377 3879 534 3928 Heracleensi
544 3879 648 3926 dialecto
689 3879 773 3927 debuit
787 3893 840 3926 csse
856 3878 993 3939 antiquiue3
1010 3891 1066 3924 cum
1083 3882 1163 3923 autem
1176 3889 1192 3920 a

142 3952 227 3994 vetere
243 3944 326 3992 dorica
342 3950 451 4000 exarata,
469 3945 534 3992 idem
550 3945 649 4005 signum
689 3943 758 3992 laeva
769 3957 882 3990 exorsum
894 3943 985 3990 faceret
995 3938 1192 4000 scriptura,sub-

143 4009 306 4071 adspirationi
323 4009 395 4056 modo
406 4023 514 4069 asperae,
523 4009 600 4056 modo
611 4007 649 4054 di·
691 4015 840 4056 untumesse
855 4021 952 4054 neccsse
963 4012 1036 4052 estr.
1070 4001 1193 4050 Successit
1281 4002 1286 4012 '

144 4085 246 4137 gamma
262 4073 373 4121 inservit.
405 4073 515 4120 Omnino
528 4072 606 4129 debis
618 4072 651 4130 si,e
690 4073 786 4133 F-quod
802 4087 834 4119 cx
849 4071 997 4132 aspiratione
1013 4067 1137 4129 geminata
1151 4081 1193 4114 or·

144 4139 203 4202 gnie
219 4137 316 4186 difficile
332 4144 370 4185 est
383 4137 515 4198 quidquam
532 4137 562 4183 ad
579 4137 650 4198 liqui·
691 4144 743 4185 tnm
761 4135 874 4185 habuisse
890 4133 965 4182 videri
981 4140 1076 4193 potenti
1094 4145 1193 4178 revoca·

146 4205 206 4251 dum
218 4203 366 4264 perducere3
383 4201 570 4262 simplicissime
581 4208 651 4262 putes
691 4209 743 4250 nrm
754 4201 812 4249 inde
824 4216 839 4247 a
850 4199 929 4246 sonna
944 4198 974 4244 ad
987 4196 1077 4256 duplex
1093 4209 1193 4257 gemma

147 4282 202 4316 esse
212 4267 391 4328 antiquissima,
403 4272 429 4316 et
439 4266 587 4314 redeundum
599 4280 651 4312 esse
692 4273 717 4314 et
727 4267 784 4315 inde
795 4265 943 4327 appellatum
954 4261 1085 4324 digamma.

105 4372 112 4380 .
146 4334 179 4384 od
196 4333 340 4399 scripturam
355 4331 519 4398 antiquiorem
534 4345 550 4380 a
565 4331 652 4379 dextra
