3026 5056
647 337 898 422 sxcunsus
931 338 989 406 ιν.

622 513 916 588 EXCURSUS
953 515 1020 589 IV.

718 647 776 711 Ad
787 651 825 710 A.
842 649 915 712 141.

401 835 406 841 ,
687 769 734 829 De
754 775 820 848 ἐρύο.
842 775 951 848 ἐρύομοιι.

279 887 281 890 ’
338 879 378 942 A.
395 875 464 944 141.
484 882 569 944 Ἀλλ’
584 878 640 964 ἄγε
654 886 703 956 νῆα
717 880 852 964 μέλαιναν
867 881 1018 970 ἐρύσσομεν
1033 884 1071 955 εἰς
1085 877 1144 944 άλα
1159 881 1227 942 δῖαν.
1262 871 1345 945 761·

296 967 366 1027 sum
387 965 534 1030 vitiosum
556 989 622 1031 esse
639 967 707 1053 jam
728 966 760 1032 in
785 966 874 1031 Obss.
897 967 1071 1031 monitum:
1097 989 1170 1030 nam
1192 965 1342 1052 scriptum

294 1049 357 1113 fuit
371 1061 543 1138 fsporooper.
588 1052 726 1119 Omnino
741 1067 814 1118 sunt
828 1053 910 1117 duae
924 1076 1026 1132 voceS,
1041 1076 1123 1140 quae
1137 1051 1223 1115 miris
1243 1051 1345 1116 modis

294 1135 463 1202 miscentur
484 1137 517 1202 in
540 1138 727 1218 Homericis,
750 1163 830 1238 quas
851 1138 996 1204 subtilius
1017 1137 1190 1204 discernere
1206 1137 1343 1225 juvabit.

296 1222 442 1289 Occurrit
464 1238 570 1289 autem
592 1225 710 1313 duplex
736 1225 919 1300 difficultas;
944 1225 1056 1313 prima,
1079 1229 1159 1310 qood
1183 1227 1272 1288 ruodo
1298 1225 1344 1288 di-
1456 1283 1466 1303 ,

294 1331 423 1394 gamma
443 1313 540 1376 locrun
554 1314 653 1391 habet,
668 1315 760 1386 modo·
776 1315 855 1387 ιοοιος
879 1313 986 1391 altera,
1002 1314 1083 1396 quod
1095 1316 1127 1376 τὸ
1143 1339 1158 1376 ο
1173 1313 1262 1376 modo
1277 1333 1342 1376 cor·

294 1407 412 1478 replum
426 1408 480 1477 ert,
491 1401 581 1462 modo
592 1401 784 1482 productum.

340 1481 472 1562 Scilicet,
488 1483 625 1548 diversas
640 1485 744 1550 statim
758 1486 799 1549 ab
813 1484 903 1550 initio
916 1484 1011 1548 fuisse
1021 1507 1112 1549 voces
1123 1483 1228 1550 video:
1248 1494 1341 1572 ἰεροον,

293 1569 397 1633 media
416 1569 516 1647 brevi,
532 1573 639 1635 traho:
662 1584 700 1635 ut
721 1584 826 1634 tamen
847 1571 1040 1658 producatur
1061 1593 1119 1658 per
1140 1598 1188 1635 σσ.
1235 1570 1286 1635 Sic
1300 1578 1341 1636 A.

295 1657 359 1719 485
382 1661 432 1731 νῆα
452 1657 547 1738 μέν-
562 1660 602 1719 ἐπ’
625 1657 741 1741 ἠπείροιο
763 1667 904 1743 ἰερνσσαν.
929 1667 1096 1737 traxerunt.
1118 1659 1341 1722 obduxerunt.-

210 1793 211 1800 .
293 1741 348 1805 ubi
363 1741 446 1819 vide,
462 1741 548 1805 etad
563 1748 597 1805 Γ.
613 1745 686 1810 373.
702 1741 776 1807 361.
816 1741 866 1806 Sic
881 1756 912 1806 et
927 1741 1158 1832 Hesiod.⁴Egy.
1174 1741 1239 1807 624
1254 1747 1341 1820 νῆάδ’

292 1830 333 1890 ἐπ’
348 1826 455 1912 ἠπείρον
477 1827 570 1914 ἐρύσαι
591 1829 718 1893 πυκάσαι
736 1857 767 1893 τε
788 1827 899 1892 λίθοισι.
946 1830 1047 1893 Porro
1062 1828 1102 1893 Il.
1118 1836 1156 1893 Δ.
1168 1831 1234 1894 530
1248 1829 1338 1892 ἐσπά-

292 1937 364 1976 σατο
383 1912 516 1999 στέρνοιο,
537 1920 771 2003 ἰερυσσατο-Ε.
787 1916 862 1979 110.
882 1920 929 1980 Μ.
945 1916 1011 1986 190
1028 1918 1060 1980 ἐκ
1080 1919 1184 1980 κολεοῖο
1202 1924 1339 2002 ἰερνσσα-

289 2024 473 2150 ’μενέξύοεοπῐ
486 2086 559 2151 hinc
573 2086 732 2153 emendari
746 2096 782 2151 Δ.
794 2087 859 2156 467
869 2089 960 2184 νεκρὸν
973 2093 1016 2176 γοὶ
1046 2087 1171 2176 ἰερύοντα
1189 2092 1266 2172 (non
1279 2089 1341 2176 γάρ

289 2174 320 2258 ρ’
334 2175 388 2259 ἐρ.)
414 2177 452 2236 Ε.
467 2175 533 2237 344
544 2176 630 2260 χερσί
650 2183 814 2262 ἐεροσσατο.
836 2179 872 2238 Γ.
888 2176 953 2243 373
970 2115 1031 2238 nal
1040 2175 1070 2240 νύ
1091 2200 1122 2237 κε
1141 2180 1276 2256 ἰειροσσεν
1293 2200 1339 2238 τε.

289 2262 329 2322 Λ.
345 2257 410 2323 363
425 2264 469 2322 νύν
483 2259 519 2322 αὖ
533 2285 567 2322 σε
581 2267 745 2348 ἐερνσσατο,
759 2260 802 2325 sic
822 2273 854 2325 et
871 2267 911 2324 Ὺ.
928 2263 1002 2325 450.
1025 2265 1067 2324 Ω.
1084 2258 1125 2324 16
1138 2261 1197 2345 τρίς
1213 2269 1339 2348 ἐεριισας.

289 2347 355 2410 584
372 2345 464 2438 χύλον
487 2347 516 2408 ού
537 2353 689 2433 ἐερνσαντο.
712 2361 744 2413 et
766 2346 809 2412 sic
830 2346 899 2411 alia.
920 2347 960 2412 cf.
976 2346 1018 2410 ad
1031 2350 1070 2409 A.
1086 2349 1158 2410 485.
1175 2355 1338 2434 παμπρῶτα

289 2445 452 2522 ἰεροσσομεν
470 2431 541 2520 (pro
556 2432 738 2519 πάμπρωτον)
754 2434 814 2524 leg.
830 2433 863 2498 in
879 2433 943 2500 Od.
959 2439 998 2498 A.
1014 2434 1089 2500 577.
1111 2436 1153 2497 K.
1169 2434 1242 2496 403.
1260 2435 1336 2500 423.

330 2604 388 2669 Ab
401 2597 461 2704 11ορ
476 2617 523 2671 est
536 2614 669 2695 ἐειρνμαι.
691 2618 822 2695 ἰειρομην.
869 2610 910 2675 Il.
927 2610 966 2677 Σ.
982 2609 1025 2680 69
1040 2605 1219 2696 Μυρμιδόνων
1233 2605 1336 2694 εἴροντο

254 2751 255 2756 ,
288 2689 341 2767 νέες
355 2691 520 2759 subductae
534 2704 629 2758 eraut.
675 2701 713 2758 Δ.
729 2699 794 2761 248
809 2694 870 2759 ἔνθα
882 2721 915 2760 τε
929 2701 985 2771 νῆες
1000 2694 1100 2782 εἰρύατ’
1117 2692 1260 2780 εὔπρυμνοι
1274 2715 1336 2779 pro

260 2851 262 2856 ι
287 2776 414 2864 σύρονται.
434 2774 437 2782 ⁴
460 2780 575 2866 Itaque
589 2785 630 2845 N.
645 2779 711 2845 682
724 2782 778 2855 νέες
792 2785 837 2846 θῖν’
853 2783 894 2864 ἐφ’
913 2782 981 2856 άλύς
1000 2780 1135 2866 εἰρυμέναι
1154 2780 1216 2866 leg.
1237 2783 1334 2864 εἰρομ-

190 2878 193 2886 “
284 2864 377 2947 μέναι.
421 2865 546 2930 Eodem
566 2866 660 2931 modo
679 2867 924 2932 succurrendum
942 2879 989 2931 est
1003 2866 1079 2945 istis,
1095 2889 1177 2952 quae
1191 2868 1228 2933 Ξ.
1245 2866 1287 2932 75
1300 2877 1334 2930 et

285 2955 323 3014 Ο.
336 2950 401 3016 654
414 2951 581 3038 leguntur:
599 2959 655 3030 νῆες
670 2952 732 3016 ύσαι
747 2961 853 3040 πρῶται
869 2953 993 3039 εἰρύαται
1009 2951 1085 3059 ἄγχι
1100 2951 1254 3028 θαλάσσης.
1269 2949 1332 3038 leg.

285 3035 413 3122 ripovrar.
457 3040 507 3102 At
521 3039 619 3102 altero
632 3038 665 3101 in
679 3038 747 3103 loco
761 3042 800 3107 Ξ.
816 3041 860 3104 30
880 3037 1012 3103 ἀπάνειιθε
1032 3064 1131 3122 μάχης
1149 3038 1256 3135 εἰρύατο
1277 3043 1334 3114 νῆες
1380 3121 1384 3128 1

284 3145 512 3287 ttttittt.
521 3123 629 3274 llll
630 3124 757 3275 166
767 3126 1047 3275 10831οέῗὲιέ
1048 3122 1285 3273 iiiiii?
1285 3145 1335 3273 {t

284 3309 317 3359 et
335 3295 426 3374 illud,
446 3297 534 3383 quod
552 3295 585 3360 in
603 3297 780 3384 compositis
800 3297 958 3384 digamma
979 3294 1174 3370 excluditur3
1199 3296 1333 3376 ἐπέρυσσε

284 3393 331 3444 est
347 3382 408 3447 Od.
426 3387 462 3446 A.
479 3385 552 3446 441.
568 3407 626 3471 pro
642 3396 786 3472 επιίερνσε.
830 3383 871 3449 Id
886 3396 990 3448 tamen
1005 3394 1037 3446 et
1051 3381 1119 3447 aliis
1131 3381 1164 3445 in
1180 3380 1333 3446 similibus

284 3467 363 3548 fieri,
378 3469 440 3533 elio
453 3468 522 3536 loco
536 3469 721 3556 videbimus.
1033 3549 1036 3556 ⁴

327 3554 492 3621 Difficilior
513 3569 560 3621 est
581 3555 734 3621 medicina
755 3556 788 3621 in
809 3557 878 3621 loco
900 3577 995 3642 supra
1015 3555 1156 3642 praefixo
1175 3577 1214 3619 ex
1236 3554 1275 3618 Il.
1291 3559 1329 3618 A.

285 3641 346 3703 141
361 3645 427 3706 ἀλλ’
440 3642 494 3726 ἄγε
509 3649 558 3720 νῆα
572 3643 707 3723 μέλαιναν
723 3644 872 3728 ἐρύσσομεν
887 3646 922 3716 εἰς
938 3641 998 3704 ἅλα
1012 3645 1081 3705 δῖαν.
1097 3641 1211 3706 dehoc
1225 3649 1330 3706 tumen

282 3725 401 3791 dictum
417 3727 491 3792 satis
505 3729 537 3792 in
553 3728 643 3794 Obss.
660 3736 696 3794 Δ.
710 3732 782 3799 492.
799 3729 853 3793 ubi
868 3751 897 3792 v.
910 3733 940 3790 P.
951 3725 1015 3792 635
1029 3751 1103 3792 cum
1118 3729 1190 3796 713.
1205 3733 1241 3790 7.
1254 3728 1328 3792 311.

282 3824 316 3876 at
329 3818 366 3876 Ψ.
383 3816 423 3877 21
440 3813 526 3879 locus
541 3828 588 3879 est
602 3816 815 3902 interpolatus.
839 3814 900 3880 Od.
915 3819 939 3876 1.
957 3816 1000 3882 77
1014 3826 1046 3878 et
1061 3817 1125 3878 402
1139 3813 1265 3877 videtur
1277 3813 1330 3876 fu-

280 3897 340 3964 isse
361 3925 415 3962 ανα
437 3901 459 3961 δ’
481 3907 557 3964 ἰσπια
574 3913 610 3965 fer
628 3926 773 3976 νσσαντες.
795 3907 832 3965 Τ.
843 3903 909 3966 ’481
926 3905 959 3986 τῇ
975 3901 997 3962 l'
1011 3899 1087 3986 ἑτέρῃ
1103 3899 1157 3964 ἐύεν
1171 3897 1260 3964 ἆσσον
1273 3911 1326 3964 ἐει-

280 4009 419 4070 ροσοαπο,
433 3986 552 4050 venisse
566 3929 691 4052 vitietur
706 3986 759 4050 ἕθεν
779 4009 819 4050 ex
838 3984 1084 4074 interpolatione.
1130 3989 1169 4050 X.
1185 3987 1252 4053 372
1264 3985 1330 4069 θοίμ-Ι

279 4097 335 4150 σει,
356 4073 443 4150 ἐπειδή
464 4074 491 4135 σ’
507 4073 587 4148 ὀὗτος
608 4071 744 4157 ἐρύσσατο
765 4073 812 4135 καί
834 4073 967 4153 ἐσάωσεν,
982 4093 1045 4146 non
1060 4083 1107 4135 cst
1121 4077 1271 4159 ἐεριισσατο
1286 4071 1327 4135 ab

279 4156 360 4242 ἐρύα,
375 4157 430 4221 sed
444 4158 560 4244 ἐρύσατο
575 4181 595 4222 a
608 4157 707 4245 ῥύομαι
720 4179 812 4222 servo
866 4241 869 4244 Ι

324 4241 446 4307 Scilicet
459 4243 556 4308 altera
566 4267 602 4308 ac
613 4242 735 4308 diversa
743 4265 805 4307 vox
820 4242 883 4308 fuit
895 4241 1005 4330 ῥύομαι,
1017 4244 1116 4311 vocali
1131 4272 1146 4310 ο
1161 4244 1326 4332 producta,

277 4327 358 4394 forte
372 4333 412 4393 erl
427 4329 558 4418 antiquo
570 4343 650 4417 ρυίον,
665 4354 702 4396 ea
715 4328 852 4409 notione,
868 4341 904 4396 ut
919 4328 958 4396 sit
971 4351 1068 4413 servo,
1084 4341 1178 4414 tueor,
1193 4343 1263 4398 tum
1275 4351 1326 4396 οιι-

1384 31 1511 202 ’ἰ
