2998 5052
492 404 728 470 DISSERT.
754 403 800 466 11.
1108 409 1172 471 323

124 574 245 664 λίνορσος
268 575 375 655 ἀπέστη
391 575 479 665 οὔρεος
494 580 521 640 ἓν
535 577 653 664 βήσσῃς,
671 576 724 640 ύπί
735 601 767 639 το
784 574 882 662 τρόμος
903 575 1010 658 ἔλλαβε
1031 582 1110 664 γυῖα,
1127 579 1171 660 ἄψ

125 662 149 724 τ’
175 663 360 752 ἀνεχώρησεν,
385 664 477 750 οίχριίς
503 663 535 728 τί
558 690 606 747 μιν
632 663 687 727 elne
712 663 835 750 παρειάς.
882 664 1036 744 Quoniam
1062 679 1168 731 autem

124 746 217 812 etiam
244 749 278 814 iu
303 749 358 814 tali
378 750 462 815 facto
484 763 568 830 suut,
589 773 671 839 quae
694 762 731 814 ut
751 748 843 814 solita
863 763 1104 837 consequantur,
1120 752 1170 816 his

123 857 251 982 quoque
265 858 356 924 saepe
375 836 564 902 admiscetur
577 859 733 924 praesens.
750 842 786 899 Λ.
803 839 878 900 558.
894 838 929 910 νίς
944 838 965 898 δ’
980 836 1017 900 ὅτ’
1034 837 1089 912 ὄνος
1103 841 1168 922 παρ’

143 945 241 1007 ροοραν
261 921 305 986 lviv
324 924 457 1003 ἐβιήσατο
472 927 582 1002 παῖδας,
600 924 690 1002 νοοίης,
705 921 728 1008 ᾧ
741 925 770 1000 δή
786 927 881 986 πολλοὶ
896 921 956 1009 πέρι
969 921 1066 1010 ῥόπαλ’
1082 927 1169 1006 ἀμφίς

123 1005 205 1092 ἐάγη·
219 1008 300 1092 κείρει
315 1011 341 1072 τ’
356 1007 482 1073 εἰσελίοίν
496 1011 567 1090 βαθὺ
583 1009 667 1088 λήίον·
683 1015 707 1072 οί
720 1008 748 1071 δέ
761 1033 792 1070 τε
806 1011 899 1084 παῖδες
913 1007 1061 1072 τύπτουσιν
1077 1010 1166 1097 ῥοπά-

123 1105 208 1155 λοισι·
224 1094 272 1173 βίη
289 1094 317 1156 δέ
330 1121 361 1158 τε
379 1094 456 1173 νηπίη
478 1100 577 1160 αὐτῶν·
601 1097 702 1182 σπονδή
717 1096 743 1156 τ’
758 1095 929 1173 ἐξήλασσαν,
946 1095 1005 1157 ἐπεί
1017 1096 1042 1158 τ’
1058 1097 1168 1184 ἓκορέσ-
1190 1142 1191 1145 =

122 1203 194 1242 σατο
210 1197 243 1255 φο
285 1185 323 1256 ”ς.

164 1183 333 1331 νεηὶίιβηοά
361 1266 532 1354 praesentis
559 1265 774 1347 indicativum,
799 1290 894 1354 quem
923 1289 1023 1354 quum
1055 1267 1168 1333 Thier-

117 1350 235 1432 schius,
252 1353 308 1417 ubi
329 1376 403 1417 cum
423 1352 584 1442 particulis
599 1358 634 1429 τίς
649 1352 692 1417 ίτε
708 1353 894 1440 conjunctus
912 1352 1080 1432 invenitur,
1096 1378 1170 1420 oon-

114 1435 262 1522 junctivo
275 1439 385 1504 cedere
394 1439 498 1528 jubet,
514 1463 623 1504 vereor
637 1452 675 1503 ut
687 1439 784 1527 hujus
797 1439 842 1504 rei
851 1439 1007 1504 'rationem
1026 1434 1180 1528 explora-⁹

116 1534 181 1588 tam
210 1524 368 1590 habuerit.
414 1528 557 1591 Tantum
583 1527 671 1591 abest
696 1525 789 1605 enim,
820 1540 856 1590 ut
884 1525 1102 1613 conjunctivus
1128 1551 1168 1592 ex

116 1610 274 1696 particula
288 1611 332 1676 ίτε
345 1613 492 1712 pendeat,
509 1626 546 1678 nt
560 1612 666 1702 potius
680 1635 720 1676 ex
733 1611 802 1701 ipsa
815 1635 850 1676 re
864 1625 895 1678 et
909 1626 1023 1678 natura
1043 1617 1167 1702 compa

116 1696 247 1762 rationis
270 1722 309 1763 ex
331 1698 473 1765 licandus
495 1700 543 1764 sit.
589 1699 675 1780 Quid
696 1699 805 1764 enim?
827 1700 923 1764 Unde
943 1722 1015 1764 eum
1030 1700 1167 1788 pendere

116 1781 270 1863 dicemus,
287 1723 353 1864 uli,
370 1787 457 1874 quod
479 1785 654 1875 saepissime
668 1787 716 1864 fit,
732 1786 797 1850 sola
815 1786 969 1873 particula
982 1788 1017 1860 οίς
1031 1785 1081 1850 vel
1095 1785 1167 1850 ὥστε

115 1871 300 1956 praecedit?
317 1873 419 1936 Immo
434 1873 498 1936 sive
511 1874 625 1937 harum
638 1871 744 1960 aliqua
757 1871 994 1960 particularum,
1011 1870 1075 1937 sive
1095 1873 1168 1936 arti-

115 1955 206 2022 culus
223 1958 395 2046 praecedit,
411 1981 460 2023 res
479 1959 548 2047 ipsa
570 1958 681 2023 doceat
703 1981 825 2022 necesse
846 1972 904 2036 est,
920 1959 976 2047 qui
990 1959 1079 2024 verbi
1100 1982 1167 2024 mo-
1281 2023 1286 2032 ,

115 2041 175 2108 dus
199 2045 252 2108 vel
272 2045 410 2133 potuerit
431 2045 481 2110 vel
504 2045 650 2110 debuerit
671 2043 824 2108 adhiberi.
869 2045 964 2123 Quod
981 2058 1018 2109 ut
1036 2044 1167 2133 planum
1245 2065 1247 2076 ’

112 2129 281 2208 faciamus,
298 2131 337 2196 de
360 2145 495 2219 utroque
513 2132 608 2196 modo
629 2130 722 2195 simul
744 2131 913 2196 dicendum
927 2131 1060 2196 videtur.
1106 2135 1168 2196 At-

114 2239 178 2303 que
200 2217 391 2282 indicativus
409 2217 461 2302 (de
482 2231 645 2306 praesente
666 2229 772 2282 autem
793 2217 916 2304 loquor,
933 2218 990 2282 etsi
1012 2219 1167 2306 quaedam

111 2302 241 2384 horum,
258 2327 341 2392 quae
363 2304 475 2383 dicam,
491 2305 584 2369 ctiam
606 2304 638 2368 in
660 2303 862 2395 praeteritum
877 2305 1049 2390 quadrant)
1065 2305 1092 2368 is
1111 2304 1121 2367 i
1145 2304 1168 2358 '-

113 2402 167 2454 tur
189 2404 309 2456 natura
330 2415 387 2455 sua
407 2391 511 2478 primo
530 2391 565 2455 id
585 2389 712 2469 indicat,
728 2390 815 2476 quod
833 2412 867 2454 re
885 2413 960 2454 vera
976 2404 1023 2454 est
1042 2388 1092 2454 vel
1133 2402 1165 2464 t;

110 2476 228 2542 deinde
252 2489 352 2556 notat,
368 2477 455 2566 quod
501 2491 640 2541 ermanet
653 2476 686 2540 in
701 2501 739 2540 eo
754 2488 849 2555 statu,
864 2475 897 2540 in
912 2500 977 2564 quo
989 2490 1055 2560 est3
1081 2475 1167 2540 deni-

113 2587 177 2650 que
201 2564 311 2644 etiam,
353 2563 419 2629 uod
441 2501 518 2628 solit
539 2587 615 2643 esse,
639 2563 799 2650 significat.
846 2563 1092 2662 Conjunctivum
1113 2587 1169 2627 au-

111 2664 188 2731 tem,
205 2651 266 2739 qui
280 2587 394 2715 modus
407 2650 453 2714 ita
465 2649 586 2738 aliquid
600 2648 729 2737 cogitari
745 2649 848 2738 jubet,
865 2663 902 2713 ut
915 2649 949 2714 1d
963 2672 1026 2714 non
1041 2649 1169 2713 omnino

45 2759 47 2764 ·
112 2750 144 2801 et
166 2736 364 2826 simpliciter,
384 2737 450 2816 sed,
474 2737 648 2823 siquando
670 2735 719 2816 sit,
740 2759 805 2800 esse
827 2735 1030 2823 intelligatur,
1047 2759 1120 2800 eum
1142 2735 1167 2800 si

110 2847 187 2888 cum
213 2823 386 2888 indicativo
409 2846 579 2912 compares,
600 2823 685 2902 huic,
708 2847 767 2911 pro
789 2821 902 2910 triplici
922 2823 989 2909 ejus
1016 2821 1168 2910 significa-

111 2911 210 2990 tione,
227 2910 332 2976 tribus
356 2910 457 2975 modis
478 2909 657 2998 oppositum
680 2907 810 2974 videbis
857 2908 1000 2972 Primum
1021 2908 1114 2987 enim,
1131 2909 1169 2972 νὴ

107 2996 307 3062 indicativus
328 3019 406 3076 rem,
422 3013 583 3084 tamquam
604 3020 685 3084 quae
699 3019 772 3060 vere
785 2996 851 3072 fiat,
866 2995 1025 3084 proponit,
1039 2994 1085 3059 ita
1099 3017 1168 3058 eam

108 3082 339 3172 conjunctivus
360 3106 424 3147 non
447 3083 584 3163 omnino,
608 3083 663 3146 sed
686 3081 728 3147 sic
751 3094 876 3147 tantum
897 3081 976 3160 fieri,
993 3081 1018 3144 si
1040 3080 1168 3168 quando

109 3171 178 3250 fiat,
193 3168 361 3259 significat.
375 3169 413 3234 Il.
426 3174 460 3233 Z.
473 3168 546 3234 506.
560 3175 597 3233 Ο.
615 3167 689 3234 263.
704 3167 778 3233 olim
792 3167 966 3255 legebatur,
982 3169 1017 3242 ὥς
1033 3169 1054 3230 δ’
1070 3166 1114 3230 ίτι
1128 3192 1170 3242 τις

106 3260 219 3333 στατὸς
234 3259 329 3334 ίππος,
344 3256 506 3333 ἀκοστήσας
521 3257 563 3319 ἐπὶ
579 3256 677 3343 φάτνῃ,
694 3256 793 3337 δεσμὸν
808 3255 972 3404 ἁτρβρήξας,
988 3253 1048 3318 isla
1064 3251 1169 3317 ,πεδίοιο

109 3343 264 3428 κροαίνων.
301 3343 415 3430 Nuper
429 3341 549 3406 editum
565 3341 626 3430 θείη.
673 3343 833 3406 Neutrum
861 3339 979 3406 slsum:
1005 3338 1059 3404 sed
1077 3339 1102 3404 si
1123 3338 1170 3403 in-

107 3429 257 3496 dicativo
277 3451 354 3492 usus
376 3440 422 3493 est
441 3440 544 3516 poeta,
559 3451 638 3508 rem,
655 3441 690 3493 ut
710 3452 791 3516 quae
813 3451 885 3491 vere
905 3428 1003 3505 fieret,
1022 3425 1170 3506 narravit,

108 3517 213 3588 talem
229 3514 337 3579 dicens
358 3526 454 3602 rupto
477 3514 611 3602 capistro
632 3538 752 3603 equum
773 3513 952 3588 luxuriare3
977 3512 1024 3576 sin
1041 3512 1171 3598 conjun-

107 3604 212 3682 ctivo,
243 3615 280 3665 ut
309 3600 459 3666 incertam
488 3613 721 3679 commemorat,
749 3599 843 3664 talem
873 3597 1076 3687 cogitandum
1105 3616 1171 3662 esse

108 3710 253 3778 equum,
269 3685 397 3774 quando
419 3687 552 3766 eveniat,
569 3698 606 3751 ut
627 3686 740 3774 aliquis
760 3708 861 3772 equus
876 3709 908 3749 se
923 3709 942 3748 a
957 3683 1080 3749 stabulo
1099 3705 1172 3772 pro-

106 3774 265 3879 ripuerit.
311 3772 447 3851 Deinde,
461 3785 498 3838 ut
518 3773 705 3838 indicativus
719 3783 952 3860 permanentem
974 3781 1091 3836 statum
1111 3769 1172 3856 sig-

107 3865 240 3939 mlicat,
260 3859 304 3924 ita
322 3859 551 3947 conjunctivus,
567 3873 605 3924 ut
624 3858 690 3947 qui,
710 3881 750 3922 an
772 3857 891 3945 aliquid
911 3881 984 3922 vere
1006 3857 1056 3936 sit,
1074 3857 1172 3920 incer·

108 3963 187 4016 tum
213 3945 383 4034 relinquat,
407 3958 619 4011 transeuntem
643 3958 770 4025 statum,
786 3945 808 4008 i.
825 3969 853 4010 e.
875 3944 995 4009 factum
1017 3941 1173 4030 singulare

104 4036 247 4100 indicat.
266 4031 308 4096 ll.
322 4039 354 4098 P.
367 4033 439 4096 434.
456 4036 523 4098 ἀλλ’
539 4031 610 4096 clare
625 4032 714 4112 στήλη
729 4032 802 4113 μένοι
819 4031 942 4114 ἔμπεδον,
958 4031 999 4106 ἥτ’
1015 4029 1057 4091 ἐπί
1072 4029 1174 4114 τόμβιρ

104 4122 211 4208 ἀνέρος
233 4119 333 4206 ἑστήκῃ
349 4118 495 4199 τεθνηότος,
511 4120 541 4198 ji
555 4117 693 4204 γυναικός.
711 4123 748 4181 X.
766 4119 817 4188 93.
834 4120 869 4190 νίς
884 4117 911 4178 δὲ
927 4113 1033 4198 δράκων
1050 4115 1092 4177 ἐπὶ
1106 4117 1173 4199 χειῇ

105 4208 266 4296 ὀρέστερος
290 4202 375 4290 ἄνδρα
397 4204 521 4292 μένησιν,
549 4203 697 4291 βεβρωκὼς
721 4207 799 4268 κακοὶ
823 4203 957 4286 φάρμακ’.
1004 4200 1045 4263 In
1093 4197 1175 4264 riore
1281 4241 1283 4248 ·

105 4293 186 4359 loco
212 4290 352 4378 graviter
375 4289 546 4368 falleretur,
570 4289 625 4377 qui
649 4288 884 4440 cpnjunctivum
904 4299 1031 4373 putaret
1093 4282 1176 4350 mitti

626 4397 649 4438 v
