2998 5052
504 346 575 410 -Αιι
598 347 748 410 ILIAD.
763 351 814 410 o.
1100 306 1185 418 Ινινε

137 511 261 580 Athen.
279 514 298 578 l.
315 539 340 580 c.
357 515 545 603 ὑποκρίνεσθαι
562 525 615 582 τῶν
628 518 781 602 Σιμωνίδου
791 523 866 594 τινὰς
876 518 1001 602 Ἰάμβων
1016 524 1043 584 ἐν
1058 525 1119 596 ταῖς
1134 522 1186 586 δοί-

137 601 199 674 ξεοι
217 599 296 690 (leg.
312 604 480 689 ἐπιδείξεσι.)
508 605 582 670 Non
597 604 711 668 mirum
725 604 832 692 itaque
846 606 960 670 factam
974 606 1185 682 recitationem

140 683 234 750 etiam
249 688 282 752 in
298 689 416 778 θεάτροις
431 689 507 756 ibid.
531 690 702 757 Constituti
716 715 843 779 quoque
857 698 974 779 ἀγῶνες,
989 716 1076 762 more
1088 696 1187 760 Grae-

139 770 204 865 ciae
218 792 251 839 et
265 797 325 862 pro
367 776 427 840 sita
446 777 603 864 praemia3
627 801 744 866 agnum
764 792 916 844 memorat
937 778 1186 860 Schol.-Pindari

138 855 161 922 l.
177 884 203 924 c.
222 862 314 926 Nem.
353 863 428 943 1,1.
448 864 506 928 etsi
526 865 603 929 haec
624 887 687 930 non
708 880 862 954 perpetua
881 866 976 932 fuisse
997 867 1109 948 credo;
1134 891 1187 934 ne-
1241 887 1244 894 '

138 969 202 1042 que
217 948 370 1014 vocabulo
384 954 489 1036 ἀγῶνος
504 973 641 1028 moveor,
656 975 722 1039 quo
741 952 855 1018 Graeci
875 951 936 1017 late
957 965 1093 1018 utuntur
1107 977 1186 1042 quo-

138 1046 197 1096 ties
211 1033 325 1122 aliquis
338 1035 371 1100 in
385 1035 513 1124 publico
527 1037 647 1124 aliquid
660 1038 783 1126 peragit
796 1038 944 1116 ἐπιδείξεως
957 1063 1074 1122 caussa.
1119 1043 1186 1106 No-

138 1117 308 1186 bilissimus
322 1121 399 1206 ἁγαδν
414 1123 551 1188 Athenis
572 1125 613 1188 ab
636 1125 823 1212 Hipparcho
840 1124 1007 1200 ‚institutus
1030 1129 1185 1210 Panathe-

138 1206 242 1282 naeis;
267 1222 299 1273 et
313 1209 422 1273 eadem
437 1223 537 1276 aetate
550 1210 777 1299 rhapsodorum
800 1211 969 1276 certamina
985 1213 1117 1302 Sicyone
1131 1215 1186 1292 ha-

137 1291 203 1356 bita
218 1317 284 1360 esse
298 1319 337 1359 ex
353 1297 518 1361 Herodoto
533 1297 691 1376 discimus,
706 1298 762 1384 qui
776 1297 831 1364 lib.
848 1298 887 1377 V,
900 1296 953 1376 67.
970 1313 1076 1364 narrat
1092 1299 1184 1382 Clist-
1301 1339 1303 1346 ·

137 1377 250 1444 henem
264 1385 406 1469 ῥαδορδοος
429 1409 454 1446 εν
474 1391 593 1448 ὶιιιοοινι
616 1383 797 1469 αγοινίζεοδαι
816 1383 950 1449 vetuisse
964 1393 1019 1450 τῶν
1031 1387 1185 1472 Ὁμηρείων

138 1463 222 1530 ἔπεόιν
246 1467 336 1547 ἕνεκα,
352 1469 439 1566 quod
461 1469 493 1534 in
515 1470 552 1534 iis
571 1470 777 1558 Argivorum,
793 1494 873 1557 quos
889 1470 955 1558 ipse
969 1471 1042 1536 odio
1055 1472 1185 1554 insecta

136 1551 244 1633 batur,
264 1555 484 1642 praedicantur
505 1555 622 1622 laudes.
668 1558 779 1622 Ionem
801 1556 948 1622 victorem
974 1558 1007 1621 in
1029 1557 1125 1623 Ascle
1148 1559 1186 1623 iis

138 1640 387 1727 Epidauriorum
404 1647 440 1706 τὰ
454 1652 551 1729 πρῶτα
566 1653 619 1707 τῶν
635 1641 723 1708 ἄθλων
737 1656 911 1731 reportasse
924 1658 1077 1709 memorat
1091 1647 1118 1709 P
1151 1660 1184 1713 to

137 1725 169 1789 in
194 1728 284 1807 Ione,
300 1752 347 1816 pr.
364 1729 509 1793 Assumti
530 1753 659 1817 quoque
680 1729 849 1829 aliquando
870 1738 975 1816 ἀγῶνες
996 1733 1131 1818 ῥαψῳδῶν
1151 1733 1185 1798 in

138 1813 288 1879 sollennia
307 1815 544 1903 Olympiorum:
568 1816 612 1880 ita
633 1839 673 1880 ex
695 1816 887 1882 Dicaearcho
901 1817 1087 1883 Athenaeus
1107 1818 1183 1900 ibid.

138 1914 244 1968 narrat
260 1901 426 1991 Olympiae
441 1903 596 1988 καθαρμοὺς
611 1909 676 1967 e'sse
690 1903 847 1978 recitatos3
871 1913 903 1967 et
918 1903 1108 1992 Dionysium
1124 1907 1183 1994 Sy-

136 1987 254 2054 racusis
275 1989 334 2054 rha
357 1989 448 2054 sodos
464 1989 643 2077 Olympiam
665 1988 783 2054 misisse
799 1990 943 2078 (Olymp.
959 1992 1129 2071 XCVIII,
1147 1996 1182 2080 l)

136 2075 178 2140 ad
196 2075 315 2141 recitan
338 2076 513 2142 acarmina
526 2101 546 2141 a
560 2101 593 2141 se
610 2076 710 2141 facta:
736 2077 843 2159 ἔπεμψε
859 2077 887 2140 δὲ
902 2079 950 2141 καί
965 2078 1108 2165 ῥαψῳδοὺς
1122 2081 1184 2164 τοὺς

138 2164 317 2248 κρατίστους,
333 2163 403 2239 ὅπως
425 2168 451 2227 ἐν
472 2169 506 2250 τῇ
528 2163 677 2250 πανηγύρει
693 2167 730 2226 τοὶ
744 2165 887 2246 ποιήματα
906 2163 1094 2252 προφερόμενοι
1110 2167 1185 2246 ποιή-

136 2275 224 2334 uarii
246 2251 346 2328 ἔνδοξον
361 2249 572 2315 τδν-Διονιίπιον.
595 2248 740 2337 placuere
760 2263 906 2338 poemata
924 2250 1062 2337 primum
1077 2254 1122 2315 διὰ
1137 2257 1186 2332 την

137 2335 267 2420 εὐφωνίαν
281 2346 335 2400 τῶν
350 2341 501 2424 ὑποκριτῶν
517 2336 705 2423 (rhapsodos
725 2339 891 2422 memorat)
907 2356 981 2400 mox
1003 2350 1108 2402 autem
1131 2363 1184 2404 ex-

135 2421 225 2510 plosa
238 2423 344 2489 fuere:
365 2447 397 2488 v.
413 2447 462 2511 ap.
479 2421 609 2488 Diodor.
619 2421 726 2500 'XIV,
739 2425 813 2492 109.
836 2424 889 2486 Ita
903 2421 993 2487 facile
1007 2423 1088 2506 inter
1101 2437 1184 2508 artes

136 2515 185 2586 τῆς
205 2515 380 2594 ύποιιριτικῆς
400 2509 509 2574 referri
531 2509 636 2597 potuit
649 2511 681 2574 τδ
696 2510 860 2595 ῥαψῳδῆσαι
875 2532 924 2596 ap.
941 2508 1077 2592 Aristot.
1092 2512 1181 2594 Poet.

134 2594 186 2661 26.
203 2610 235 2662 et
251 2595 401 2685 Twinin'g
415 2599 453 2661 V.
471 2600 507 2662 C.
522 2620 554 2684 p.
571 2599 644 2667 549.
668 2595 761 2684 Conf.
779 2595 1029 2661 Grammaticum
1051 2597 1084 2663 in
1107 2597 1184 2664 Bib-

123 2682 223 2748 lioth.
241 2683 368 2748 Coislin.
382 2708 416 2772 p.
432 2684 505 2754 596.
521 2683 606 2749 med.
1012 2755 1015 2762 ,
1066 2757 1074 2766 ⁸

140 2819 144 2826 -
178 2773 234 2836 Ex
255 2770 304 2835 his
325 2785 465 2864 apparet,
482 2786 546 2837 tam
568 2783 759 2836 constantem
781 2769 976 2858 antiquitatis
993 2795 1087 2836 usum
1108 2773 1183 2838 reci-

135 2857 226 2922 tandi
247 2858 384 2924 carmina
404 2858 511 2937 fuisse,
532 2870 569 2922 ut
590 2857 667 2922 nihil
689 2857 762 2922 novi
782 2856 964 2922 habendum
983 2859 1042 2923 hoc
1062 2859 1102 2924 sit
1118 2883 1182 2924 me-

121 2957 292 3010 moratum
308 2945 349 3010 de
372 2945 505 3012 Homeri
520 2944 727 3019 carminibus;
751 2943 795 3008 ita
808 2967 883 3008 vero
898 2967 956 3009 nec
970 2944 1010 3009 de
1025 2944 1180 3033 scriptura

135 3047 168 3096 et
196 3030 237 3096 de
265 3028 454 3097 carminibus
484 3030 618 3097 Homeri
646 3030 768 3118 scriptis
795 3029 844 3094 his
872 3030 1027 3096 aetatibus
1055 3032 1183 3098 omnino

135 3118 246 3206 quaeri
270 3131 384 3207 potest,
407 3142 480 3183 cuin
505 3142 562 3184 nec
584 3117 683 3206 magis
707 3116 839 3181 aliorum
858 3129 1022 3204 poetarum
1045 3119 1183 3200 carmina

135 3205 253 3293 scripto
281 3205 549 3294 consignarentur.
576 3207 678 3272 ,Tam
703 3226 817 3292 parum
841 3203 1010 3292 conjuncta
1033 3219 1081 3270 est
1108 3230 1181 3272 cuni

135 3292 317 3380 quaestione
332 3291 372 3358 de
388 3292 629 3358 Homerioorum
639 3290 813 3356 carminum
823 3289 1010 3378 antiquitate
1023 3291 1077 3356 illa
1086 3309 1182 3380 quae·

134 3380 195 3444 stio
209 3379 250 3444 de
264 3379 339 3458 artis
354 3378 507 3445 scribendi
521 3379 667 3454 invent03
691 3391 814 3444 tantum
829 3378 928 3458 abest,
943 3391 981 3442 ut
994 3402 1032 3442 ea
1043 3379 1181 3446 fundum
1288 3425 1291 3430 -

134 3465 356 3555 disputationis
377 3465 565 3532 constituere
582 3465 694 3564 possit.
740 3467 911 3530 Inventum
931 3464 1038 3530 multis
1053 3467 1182 3532 saeculis

134 3553 299 3618 antecessit
321 3576 414 3617 usum
435 3554 690 3641 frequentiorem,
706 3565 738 3616 et
752 3551 784 3615 in
799 3575 869 3618 aere
884 3575 1023 3638 saxoque
1038 3554 1181 3621 substite-

133 3653 194 3719 rat,
210 3640 309 3705 donec
323 3639 451 3705 inventa
465 3654 544 3706 esset
558 3638 688 3704 materia
700 3637 842 3702 habilior.

179 3727 255 3792 Rha
278 3726 369 3792 sodos
384 3731 415 3792 ἐκ
430 3729 558 3815 διαδοχῆς
573 3723 775 3790 Homericam
789 3724 897 3812 poesin
909 3725 1067 3806 recitasse,
1076 3741 1181 3812 narrat

136 3813 242 3880 Schol.
289 3813 390 3878 indari
408 3816 502 3880 Nem.
518 3813 569 3892 ΙΙ,
586 3813 617 3878 1.
633 3811 688 3900 qui
701 3811 853 3898 Ὀμηρίδας
869 3812 1027 3890 nominat;
1051 3825 1084 3877 et
1105 3826 1180 3878 noto

132 3903 202 3966 loco
220 3900 319 3988 ,Diog.
336 3902 444 3966 Laert.
461 3901 513 3979 II,
528 3902 558 3970 9.
582 3924 605 3963 s.
622 3901 674 3967 57.
700 3896 796 3962 Solon
817 3896 886 3986 lege
907 3899 1044 3966 sanxisse
1065 3899 1177 3979 fertur,

133 3993 172 4054 τὰ
189 3988 313 4074 Ὀμήρου
333 3990 364 4065 ἐξ
385 3991 523 4068 ὑποβολῆς
538 3985 732 4075 ῥαψῳδεῖσθαι.
757 3983 845 4072 quod
865 3985 916 4050 ille
937 3986 1177 4073 interpretatur:

134 4077 198 4154 οίον,
214 4071 279 4138 δποο
293 4079 307 4137 δ
324 4083 429 4160 πρῶτος
444 4070 549 4152 ἔληξεν,
565 4073 661 4138 ἐκεῖθεν
682 4071 822 4171 ἄρχεσθαι
843 4074 890 4137 πδν
911 4073 1053 4160 ἐχόμενον.
1100 4071 1180 4136 Sim.

133 4162 246 4250 plicius
260 4159 376 4226 dixeris
398 4159 530 4225 alterum
553 4158 642 4224 alteri
663 4157 808 4246 deinceps
829 4158 1018 4242 successisse,
1037 4156 1180 4246 partibus

124 4247 279 4315 carminis
293 4247 469 4326 recitandis,
484 4247 560 4334 quia
574 4269 666 4311 nemo
687 4257 764 4324 erat,
780 4243 835 4332 qui
858 4257 959 4310 totum
977 4267 1100 4308 carmen
1115 4268 1180 4326 me.

125 4335 234 4416 ¹moria
260 4347 390 4414 teneret,
415 4334 470 4402 sed
491 4333 571 4398 alius
590 4333 666 4398 alias
688 4345 799 4420 partes.
846 4334 918 4412 Quo
937 4330 1005 4420 ipso
1024 4332 1178 4412 firmatur,
