3026 5056
539 363 610 432 nn
634 347 783 432 imnis
807 373 843 433 κ.
1174 384 1216 452 17

153 537 193 609 tlt
207 533 320 620 οδρανδκ
333 533 517 618 Θΰλομπόνδα
533 557 636 626 saepe;
653 551 690 603 ut
704 539 741 604 A.
753 539 826 614 497.
842 542 938 610 modo
952 543 1125 636 utrudl'que
1139 566 1213 618 con-

153 620 308 700 fundi,‘et
322 621 398 708 ponl
408 621 560 716 Ὄλυμπον
573 625 750 778 {inmissus
764 639 796 693 et
810 630 933 723 οδςανόο.

197 707 304 793 Regio
325 708 458 774 deorum
480 709 513 774 in
533 733 577 776 nu
599 711 671 778 ibus
692 713 862 782 constituta
883 729 938 784 est.
974 719 1073 784 Poeta
1090 721 1124 786 in
1143 739 1212 789 eom

153 793 314 859 transtulit
328 808 535 884 quaecunque
554 795 586 862 in
609 800 741 865 heroum
755 800 821 866 vitu
834 801 936 890 regias
949 825 986 868 ac
1000 801 1110 873 domos
1124 809 1211 896 pn‘n-

149 879 260 966 'oipun'r
288 889 464 970 regumque
493 893 604 950 otnnre
633 885 783 967 solebant
814 888 1020 954 consituendo
1045 894 1209 980 palatium,

152 966 423 1048 tholdmdt,fores,
441 969 540 1049 limen,
556 973 647 1054 δῶμα,
662 972 694 1036 h:
710 995 737 1036 e.
752 995 905 1062 magnum
923 975 1050 1058 atrium,
1068 977 1101 1044 in
1123 983 1211 1068 quod

150 1051 353 1117 eonvenirent
375 1053 548 1119 consulturi
571 1057 622 1122 vel
644 1057 810 1146 epulaturi.
849 1059 936 1127 Hine
960 1063 1007 1129 est
1029 1066 1108 1147 δῶμα
1131 1071 1209 1148 Δοδς,

151 1137 288 1225 (dequo
301 1159 332 1202 v.
348 1143 387 1204 A.
402 1141 467 1206 533
481 1151 512 1205 et
528 1141 620 1233 Not.)
635 1143 668 1208 in
690 1168 728 1210 eo
750 1153 903 1212 eowesso
925 1151 1060 1233 άεοοκπι,
1074 1163 1113 1216 ut
1129 1151 1205 1218 ibid.
1254 1181 1259 1189 ·

148 1235 181 1288 et
196 1226 306 1306 epulae
319 1225 384 1297 596
403 1248 448 1317 sq.
483 1227 660 1295 Contluunt
679 1231 774 1314 enim,
788 1244 827 1296 ut
845 1231 955 1300 heroes
976 1247 1009 1301 et
1031 1235 1150 1314 ἄνακτες
1165 1235 1207 1304 ad

146 1328 267 1397 regem,
283 1311 327 1376 sic
348 1312 393 1376 dii
413 1313 456 1378 ad
474 1313 565 1378 Jovis
579 1319 669 1400 δῶμα,
685 1315 727 1382 ad
748 1317 990 1386 oonsultandum
1011 1331 1044 1387 et
1064 1321 1106 1387 a'd
1128 1345 1206 1414 epu-

146 1393 297 1492 landum:
321 1409 358 1472 ut
373 1398 412 1463 Il.
428 1406 465 1463 n.
480 1423 528 1490 pr.
545 1413 577 1466 et
591 1425 692 1491 saepe.
738 1403 822 1470 Sunt
878 1429 930 1472 rro
944 1406 1051 1496 plures
1066 1407 1203 1496 θάλαμοι,

146 1481 343 1570 teliqudrum
357 1485 500 1565 deorum,
516 1497 667 1576 tanquam
684 1490 809 1556 συνοικία
828 1429 934 1578 diqua
954 1494 1038 1558 intra
1057 1515 1205 1582 magnam

143 1567 260 1634 aulam:
294 1577 389 1655 Δῶμοι
402 1591 507 1723 ἵκω
522 1587 569 1638 est
580 1579 780 1662 χαλκοβατὲς,
796 1582 835 1642 A.
851 1576 924 1644 426.
940 1601 1027 1644 more
1046 1579 1130 1645 vitae
1151 1581 1205 1648 he'-

141 1655 263 1721 micae:
287 1655 396 1730 nod.
447 1658 513 1724 ,86
531 1681 576 1748 sq.
600 1671 632 1726 et
654 1667 691 1726 Δ.
708 1661 748 1731 71
773 1681 819 1753 sq.
842 1663 899 1728 nbi
920 1665 1064 1730 videmus
1086 1666 1201 1749 solum,

142 1743 289 1830 parietes,
308 1743 402 1824 fores,·
422 1764 461 1810 ex
484 1767 556 1810 aere
578 1744 684 1812 laetas.
731 1745 856 1829 Postea,
879 1757 952 1814 cuni
976 1752 1042 1818 vita
1064 1763 1200 1836 mutata,

141 1829 249 1894 omnia
272 1829 456 1915 fostun-sunt
482 1853 586 1897 aurea.
632 1832 814 1900 Secundum
838 1836 898 1900 ista
923 1836 930 1851 '
955 1859 989 1902 se
1016 1840 1126 1926 οὐρακδς
1152 1851 1202 1906 est

142 1916 330 2002 πολύχαλκος
352 1918 390 1982 Ε.
410 1917 485 1984 503.
509 1919 573 1984 Od.
593 1925 629 1985 Γ.
645 1923 675 1984 2.
699 1931 731 1989 et
751 1921 879 1986 tandem
895 1939 1034 2008 χαλκοος,
1054 1934 1200 2012 χαλκοῦς.

142 2003 197 2066 Ex
219 2002 318 2090 quoi
398 2016 503 2070 tumen
525 2005 613 2070 notio
635 2007 810 2074 stabilitatis
829 2014 861 2072 e't
878 2008 1034 2074 firmitatis
1052 2031 1107 2074 seu
1125 2025 1200 2078 nota

140 2109 285 2154 seucum
331 2101 398 2155 tera
411 2091 579 2180 conjuncta
592 2115 657 2158 esse
672 2091 783 2204 coepit.
823 2091 908 2158 Nam
922 2114 986 2158 non
1001 2095 1097 2161 modo
1111 2099 1201 2186 apud

142 2176 271 2242 Pindar.
288 2178 380 2242 Nem.
397 2177 457 2242 Vl.
473 2177 495 2243 6
509 2189 575 2243 est:
598 2185 611 2243 ὁ
634 2181 661 2242 di
682 2193 809 2266 χαλκεος
831 2181 960 2261 ἀσφαλὲς
974 2183 1027 2246 aitl
1049 2181 1105 2258 ἕδος
1122 2184 1198 2266 μένει

141 2265 263 2349 supas„
287 2285 398 2328 verum
420 2279 468 2335 est
488 2263 521 2330 in
542 2263 611 2356 ipsa
633 2265 775 2353 Odyssea
788 2271 828 2329 Ο.
842 2267 917 2330 328.
941 2271 973 2330 P.
989 2265 1055 2332 565
1076 2270 1197 2355 σιδήρεος

141 2349 263 2434 οὐρανός.
309 2350 343 2414 Si
365 2349 437 2448 quis
458 2349 556 2438 iginrr
574 2349 607 2415 in
627 2349 751 2440 vulgari
772 2351 909 2432 notione,
925 2373 990 2417 esse
1011 2375 1071 2442 pro
1088 2357 1198 2441 οτορεδς

140 2433 272 2515 dietum,
284 2499 286 2506 ,
298 2436 465 2502 subs1stere
487 2437 568 2516 vult,
592 2437 749 2503 nolentem
771 2437 805 2500 in
827 2447 933 2536 portes
955 2438 1042 2502 haud
1063 2440 1195 2506 traham.

142 2521 225 2586 Sunt
247 2545 343 2610 porro
357 2522 458 2606 fores,
482 2545 561 2614 ques
583 2522 692 2588 Horae
715 2521 907 2604 custodum,
928 2529 966 2588 E.
990 2517 1057 2594 ”llll
1075 2525 1131 2590 ubi
1154 2519 1195 2592 cf.

140 2596 214 2671 Not.
248 2609 298 2673 Ut
318 2608 352 2674 iri
373 2607 519 2675 domibus
537 2631 660 2698 regum,
676 2609 721 2674 ita
734 2620 782 2674 est
795 2611 869 2674 aulo
883 2619 915 2674 et
929 2621 1059 2698 septum,
1075 2615 1148 2692 αὐλὴ
1162 2625 1194 2678 et

138 2691 225 2778 ἕρκος,
241 2693 274 2758 in
289 2705 355 2783 quo
368 2707 493 2794 praeter
506 2695 616 2762 aedem
637 2695 755 2783 regiam
779 2707 852 2761 sunt
868 2697 974 2783 „plures
988 2697 1095 2762 domm
1112 2697 1193 2782 οἶκοι,

137 2779 268 2861 δώματα,
283 2780 317 2845 in
331 2783 447 2870 qmbus
462 2781 577 2870 singuli
591 2781 635 2847 dii
648 2782 805 2847 habitant:
824 2783 910 2848 unde
925 2805 945 2848 a
958 2785 1041 2848 Jove
1054 2783 1089 2847 in
1103 2805 1193 2850 suam

137 2865 273 3032 guisquEe
294 2867 424 3018 dotlrnt÷m
430 2863 595 3020 lt(l)isole1dit':
618 2875 656 2934 A.
672 2865 738 2934 606
751 2881 783 2933 et
796 2867 834 2932 al.
852 2880 926 2934 sunt
940 2881 972 2933 et
983 2869 1129 2952 porticus,
1144 2869 1193 2934 αἵ-

152 2978 232 3018 wrm
267 2979 372 3026 ἔσται,
406 3001 414 3018 ι
475 3003 482 3019 κ
544 3003 552 3019 ι
854 3021 856 3026 ,
1079 3019 1082 3026 ,

178 3037 324 3104 Tandem
339 3039 406 3104 dixi
420 3039 507 3106 nulla
520 3039 656 3133 amplius
669 3039 784 3104 montis
798 3037 918 3104 tatione
929 3035 1048 3122 habitas
1060 3036 1193 3103 deorum

138 3124 243 3190 sedem
258 3150 294 3192 ao
307 3149 342 3190 re
365 3126 426 3192 'am
441 3127 642 3192 constitutam
657 3149 723 3192 esse
735 3125 770 3190 in
785 3149 907 3192 summo
927 3125 1064 3207 aethere,
1078 3124 1112 3190 in
1127 3147 1194 3191 cae-

137 3208 176 3290 lo,
193 3213 283 3300 quod
407 3212 548 3281 homines
570 3213 748 3304 appellant:
771 3211 817 3278 ita
830 3225 868 3276 ut
881 3209 925 3278 dii
939 3211 1112 3300 despiciant
1124 3211 1194 3300 ipss

136 3297 247 3379 sidera,
270 3298 391 3380 lun‘sm3
412 3299 519 3380 solem,
541 3299 600 3365 sub
621 3296 756 3390 pedibu's
778 3299 851 3364 suis.
898 3300 952 3363 Ita
972 3295 1099 3364 tandem
1121 3319 1194 3363 son-

137 3385 255 3450 sultum
278 3399 326 3451 est
350 3386 505 3488 majestati
529 3381 669 3451 deorum.
716 3385 807 3451 Viam
830 3383 909 3450 adeo
932 3383 974 3448 ad
996 3407 1030 3449 re
1053 3383 1114 3448 iam
1135 3405 1194 3474 per

136 3471 281 3554 γαλαξίαν
306 3485 546 3554 oonstrtuerunt,
574 3495 638 3561 qua
659 3471 693 3536 in
716 3495 752 3537 re
775 3471 955 3536 luxuriatur
978 3471 1040 3535 Ovi
1063 3469 1081 3484 ''
1106 3469 1194 3557 inge-

7 3579 8 3588 *
52 3576 57 3600 ²
137 3558 232 3622 nium.
279 3560 398 3626 Verum
413 3559 491 3626 nihil
505 3559 619 3624 horum
634 3558 675 3624 ad
691 3559 869 3624 Homerum
891 3569 1030 3645 spectare
1044 3555 1189 3630 videtum
1255 3600 1256 3604 =

7 3667 8 3708 l
136 3655 166 3708 et
180 3660 264 3732 quse
278 3645 320 3710 ad
335 3668 407 3712 eum
422 3659 574 3746 sponsant,
592 3645 771 3710 summatim
785 3657 909 3709 tantum
930 3642 1190 3717 commemoravi3

136 3752 215 3816 quae
242 3732 383 3832 qualisve
444 3741 523 3798 ecres
547 3729 743 3820 singularum
768 3751 875 3795 rerum
900 3751 965 3794 esse
988 3729 1127 3820 potuerit
1149 3727 1191 3794 ad

7 3867 8 3920 5
134 3829 243 3904 poetae
259 3835 411 3899 ammunn·
448 3820 524 3885 beia
538 3831 608 3884 esto¹
619 3817 733 3906 cuique
747 3810 887 3906 fingendi
900 3815 1036 3882 libertas.

454 3989 751 4084 Excessus
789 3991 885 4080 rx'„

536 4134 779 4198 Demolrosio.

175 4257 210 4316 A.
227 4255 301 4324 529.
316 4251 488 4338 Ἀμβρόσιοιο
508 4253 528 4314 δ
550 4249 606 4343 ἄρα
621 4253 728 4335 χαῖται
751 4247 940 4336 &redducam
962 4245 1094 4319 ἄνακτος.
1127 4244 1190 4308 Vo-

132 4337 176 4400 cis
189 4338 353 4424 ἀμβρόοιος,
370 4350 407 4402 ut
429 4337 523 4402 semel
545 4355 700 4415 moneam,
715 4335 804 4424 origo
818 4333 903 4406 varie
924 4330 1079 4406 traditum
1103 4329 1190 4395 vela
1226 4329 1244 4408 ,¹

652 4444 670 4485 c
