3026 5056
292 459 295 462 ,
345 381 413 449 An
438 384 586 451 ILIAD.
611 391 651 452 H.
674 385 740 452 aad
761 409 806 474 aq.
826 389 894 454 430
915 409 982 474 sqq.
1143 386 1189 456 et

86 583 92 589 ·
141 575 217 618 vum
231 567 267 619 et
279 555 534 643 conjunctivum
557 558 716 624 interdum
730 559 824 625 etiam
837 558 893 626 illa
904 559 1023 640 haeret,
1037 557 1083 624 ite
1095 571 1133 624 ut
1146 557 1188 624 de

140 641 359 707 emendatione
372 645 503 732 cogites:
519 646 621 711 multo
634 645 744 735 magis,
756 645 833 735 quia
845 645 987 713 notiones
1000 645 1188 734 probibendi

139 741 171 792 et
185 727 318 792 cavendi
331 729 481 796 finitimae
497 731 580 798 inter
593 757 625 798 se
639 747 672 798 et
684 746 835 821 cognatae
853 733 1013 798 interdum
1030 731 1188 820 judicium

138 813 327 902 ambiguum
348 815 464 881 faciant
484 832 594 884 utrum
613 821 779 908 praeferas.
825 820 877 886 Sic
900 819 939 885 Il.
956 823 996 884 Θ.
1012 820 1078 883 512
1098 841 1188 906 prae·
1301 867 1309 876 .

138 913 291 966 cesserat:
316 907 348 965 έκ
361 903 456 978 τέλεος
470 906 492 965 δ’
508 903 613 982 ἄξεσθε
626 906 706 986 βόας,
721 902 757 981 οές
772 903 1122 988 κεν-καέοιμεν-μήτιος
1136 907 1185 969 καὶ

140 987 197 1071 (aa
211 989 294 1072 xcvi)
309 991 353 1051 m
368 989 607 1077 νύκτα-φεύγειν
622 993 804 1078 ὁρμήσωνται·
827 991 994 1079 Sequitur:
1012 991 1185 1076 (caventes)

138 1077 177 1155 μή
192 1078 252 1156 μὰν
266 1073 397 1138 &motet
411 1100 447 1160 γε
463 1084 526 1140 νεῶν
545 1081 667 1154 ἐπιβαῖεν
687 1078 790 1155 ἕκηλοι·
812 1081 879 1142 ἀλλ’
897 1079 1067 1162 (ουεθωυε,
1082 1076 1187 1164 provi-

137 1158 282 1238 deamuS,
296 1163 348 1245 ut)
361 1157 396 1235 ὥς
409 1185 452 1234 τις
465 1161 568 1249 πέσσῃ,
582 1165 626 1227 ἵνα
640 1190 682 1238 τις
696 1163 801 1251 στυγέῃ
816 1190 847 1226 τε
863 1167 911 1227 καὶ
925 1163 1014 1238 ἄλλος
1024 1163 1103 1248 (non
1117 1189 1186 1228 στο-

137 1245 235 1330 γέοιέ)
251 1258 284 1311 et
296 1245 404 1334 paullo
416 1260 489 1334 post
503 1251 565 1312 521
583 1254 694 1332 φυλακὴ
709 1249 737 1312 δέ
752 1276 795 1324 τις
814 1248 925 1330 ἔμπεδος
941 1249 1024 1330 έστοο,
1036 1255 1076 1331 μή
1096 1249 1185 1336 λέχος

136 1331 277 1406 εἰσέλθῃσι
298 1332 387 1396 τὸλιν.
414 1339 491 1416 (non
513 1335 653 1422 εἰσέλθοι.)
677 1334 749 1422 quis
768 1335 852 1400 ausit
871 1335 924 1400 hic
947 1336 988 1401 de
1012 1334 1186 1423 praeceptis

137 1395 302 1482 Aeetam
315 1418 474 1506 cogamo?

181 1505 237 1568 Ita
251 1527 381 1616 quoqpe
401 1505 560 1571 notionem
581 1506 711 1571 cavendi
728 1530 764 1572 ac
784 1505 945 1572 metuendi
958 1505 1046 1607 apud
1060 1506 1185 1570 Atticos

112 1639 116 1650 .
136 1589 257 1677 quibus
271 1603 319 1654 est
333 1617 402 1666 οσιος
415 1596 464 1674 μή,
480 1615 539 1679 pro
552 1593 658 1674 μήτιος,
671 1591 814 1675 ficturum
833 1593 990 1656 bidicatiot
1008 1591 1183 1670 admittere,

135 1676 327 1764 pervulgata
347 1699 397 1742 res
417 1690 474 1756 eat,
498 1701 538 1742 ex
558 1677 697 1744 virorum
718 1680 883 1744 doctorum
904 1677 1184 1758 observationibus,

135 1786 164 1826 v.
181 1787 208 1827 c
226 1761 375 1828 Valcken.
391 1763 432 1828 ad
446 1763 607 1828 Phoenica.
623 1768 677 1836 93.
692 1789 724 1853 p.
736 1767 788 1832 85.
823 1764 958 1831 Videtur
970 1765 1031 1829 boc
1045 1787 1183 1862 quoque,

136 1848 226 1936 quod
256 1848 421 1914 subtilitati
448 1849 669 1936 grammaticae
700 1874 876 1940 repugnare
928 1865 1007 1931 utes,
1034 1873 1185 1916 mannase

134 1959 155 2000 a
177 1935 226 2000 ud
240 1935 367 2000 Atticos
385 1959 425 2000 ex
449 1935 625 2024 antiquiore
645 1961 786 2002 sermone
802 1937 845 2001 im
917 1950 996 2016 ecto,
1011 1949 1043 2002 et
1057 1959 1096 2000 ex
1110 1936 1186 2026 ipsis

137 1959 336 2088 iinmericis:
362 2023 414 2086 Sic
427 2027 466 2085 K
482 2021 525 2088 65
539 2045 632 2088 mane
648 2023 710 2102 hic,
726 2026 786 2089 αὖθι
800 2025 907 2106 μένειν,
914 2024 1010 2108 μήπως
1024 2025 1184 2108 ἀβροτάξο-

136 2135 187 2191 μεν
201 2109 361 2186 ἀλλήλοιϊν.
382 2114 423 2172 Ὺ.
436 2110 541 2174 800.1
558 2112 626 2174 ἀλλ’
639 2108 729 2196 ἄγεθ’,
744 2114 821 2192 ἡμεῖς
833 2109 884 2196 τέμ
898 2136 945 2192 μιν
960 2112 1003 2173 ὑπ’
1018 2115 1050 2174 ἐκ
1066 2109 1184 2174 θανᾶτου
1229 2112 1234 2124 ’
1284 2179 1287 2182 ,

131 2195 308 2282 ἀγάγωμεν,
322 2193 418 2275 μήτιος
432 2197 480 2259 καὶ
495 2195 624 2282 Κρονίδης
638 2197 844 2282 κεχολώσεται.
867 2209 899 2260 et
912 2202 952 2261 Ψ.
964 2199 1029 2260 428
1043 2194 1123 2280 ἄνεχ’
1137 2194 1185 2260 ἵσ-

132 2307 211 2360 τοος,
227 2302 314 2368 eave,
334 2281 373 2359 μή
393 2307 450 2355 σοις
471 2281 640 2369 ἀμφοτέρους
655 2283 796 2360 δηλήσεαι.
818 2281 957 2346 similiter
972 2281 1034 2347 Od.
1050 2286 1090 2344 Ω.
1107 2283 1181 2346 543.

131 2364 349 2432 -Indicativi
369 2367 476 2431 coristi
499 2390 601 2432 unum
625 2391 714 2432 exem
737 2368 805 2432 lum
830 2367 956 2432 memini
978 2367 1039 2432 od.
1061 2373 1097 2431 Ε.
1117 2369 1182 2431 300

132 2453 224 2533 δείδω,
245 2457 285 2535 μή
308 2453 338 2530 δή
360 2453 453 2517 πάντα
476 2455 531 2518 θεοὶ
545 2454 679 2538 νημερτέα
700 2391 890 2519 sitim-Sed
903 2475 997 2518 usum
1011 2451 1108 2518 istum
1126 2453 1182 2517 fu·

133 2539 198 2604 turi
217 2537 487 2626 aeqruparandum
509 2563 575 2604 esse
598 2539 668 2604 usui
681 2540 873 2640 subjunctivi
891 2552 1023 2628 apparet
1037 2563 1077 2604 ex
1096 2538 1183 2618 locis,

131 2625 165 2690 in
188 2625 310 2714 quibus
327 2625 440 2712 juncta
460 2639 507 2690 est
530 2638 665 2714 unaque
686 2638 783 2691 retro:
808 2631 844 2689 E.
860 2629 925 2692 233
943 2628 1061 2704 Aenea,
1076 2627 1112 2690 σὺ
1131 2627 1183 2710 μέν

132 2714 217 2788 αὐτὸς
237 2713 284 2798 ἔχ’
300 2711 372 2789 ήνέα,
388 2712 515 2796 (cavens
535 2711 592 2797 sic)
607 2716 646 2794 μή
666 2711 706 2776 τὰ
727 2715 779 2796 μὲν
799 2712 923 2776 δείσαντε
942 2714 1111 2795 ματήσετον,
1130 2715 1182 2775 οὐδ’

131 2798 259 2876 έθέλητοε
275 2797 420 2882 ἐκφερέμεν
434 2797 574 2880 πολέμοιο.
599 2802 636 2862 Ζ.
651 2796 725 2863 9264.
738 2803 759 2864 5
773 2799 812 2882 μή
825 2825 873 2879 μοι
889 2799 956 2862 οἶνον
970 2796 1135 2883 ἄειρε-μή
1149 2800 1182 2880 μ’

131 2883 324 2971 ἀπογυιώσῃς,
339 2883 433 2967 μένεος
445 2885 471 2948 τ’
487 2889 577 2961 ἂλιιής
594 2911 625 2948 τε
644 2885 785 2967 λάθωμαι.
808 2885 863 2948 ubi
885 2883 982 2948 altera
1002 2883 1094 2947 lectio
1115 2895 1180 2948 est:

130 2972 170 3055 μή
184 2973 216 3054 μ’
233 2971 430 3054 ἂσογοιώσεις,
445 2969 566 3035 doctior
586 2969 650 3047 illa,
665 2969 741 3057 quia
761 2991 848 3034 more
870 2969 1040 3034 Homerico
1061 2968 1104 3033 sic
1125 2968 1182 3032 ite-

131 3081 206 3122 rum
232 3055 361 3120 indicat.
390 3056 536 3121 futurum
565 3078 639 3120 cum
667 3055 867 3144 subjunctivo
891 3055 1066 3143 copulatur.
1112 3056 1182 3118 Ha-

131 3157 245 3209 ctenus
266 3141 327 3207 hoc
348 3141 488 3206 venitin
509 3165 637 3208 censum
659 3165 779 3222 eorum,
802 3165 884 3230 quae
905 3141 996 3229 attigi
1017 3144 1098 3206 Exc.
1120 3141 1179 3206 III

146 3343 151 3348 ·
176 3317 250 3381 III.
276 3313 455 3400 Conjuncta
473 3338 547 3380 cum
562 3327 655 3380 metu
674 3325 722 3378 est
742 3314 829 3379 notio
850 3315 1027 3392 dubitantis,
1047 3313 1182 3402 enquid

131 3413 323 3468 eventurum
344 3399 401 3466 sit:
424 3401 458 3466 in
472 3425 537 3490 qua
555 3400 743 3489 optativum,
758 3400 851 3465 etiam
873 3423 946 3466 oum
966 3425 1023 3480 κεν,
1038 3423 1180 3488 regnare,

132 3491 171 3573 μή
185 3487 246 3561 τώς
262 3508 426 3565 seuuemo
439 3487 579 3552 miretur.
625 3488 734 3552 Habet
748 3499 852 3551 tamen
870 3487 903 3551 in
920 3485 970 3551 his
985 3485 1090 3550 locum
1104 3510 1182 3574 quo·

129 3597 193 3664 que
208 3572 441 3660 subjunctivus,
457 3587 494 3638 ut
510 3580 547 3636 K.
564 3575 637 3638 100.
654 3575 672 3636 1
690 3572 749 3637 cett
765 3598 793 3636 τι
815 3573 902 3656 ἴδμεν,
923 3574 962 3655 μή
983 3599 1040 3646 τοις
1063 3575 1111 3637 καὶ
1133 3575 1179 3636 ca

133 3663 224 3727 νύκτα
237 3658 415 3742 μενοινήσωσι
430 3660 588 3746 μάχεσθαι.

177 3747 238 3812 IV.
268 3747 330 3810 Est
356 3745 482 3810 tandem
507 3741 545 3828 μή
573 3745 606 3809 in
633 3743 770 3809 formula
790 3745 952 3828 precantis,
981 3744 1179 3830 deprecantis,

134 3832 282 3917 optantis,
297 3832 475 3896 aversantis.
500 3889 504 3900 ,
522 3833 575 3896 Ita
588 3831 653 3896 fere
667 3829 843 3918 optativum
860 3854 880 3894 a
943 3829 987 3910 ni,
1002 3855 1041 3896 ex
1060 3831 1129 3918 ipsa
1146 3852 1181 3894 re

133 3931 233 4007 patet,
249 3940 332 4004 quae
353 3916 474 4003 aliquid
493 3917 603 3982 incerti
623 3929 755 3984 eventus
772 3916 806 3981 in
825 3853 913 3982 sedis
953 3930 983 3982 t:
1008 3929 1045 3980 ut
1058 3916 1091 3980 in
1105 3915 1177 3981 illo:

134 4010 173 4088 μή
187 4011 270 4068 τοῦτο
286 4005 342 4078 θεὸς
356 4003 507 4078 τελέσειεν.
539 4003 542 4010 ’
681 4005 683 4012 ’

178 4089 327 4156 Occurrit
341 4101 446 4154 tamen
456 4088 494 4152 in
507 4088 557 4168 his
571 4111 698 4177 quoque
713 4087 903 4176 subjunctivi
918 4111 1013 4163 usus;
1030 4109 1126 4174 quem
1138 4109 1180 4152 ex

134 4176 193 4242 hcc
206 4198 322 4264 genere
336 4174 390 4239 viri
405 4174 566 4253 moveris,
578 4174 637 4239 nisi
649 4189 708 4240 aut
722 4175 937 4240 emendatione
950 4187 1007 4239 eut
1021 4172 1181 4238 subtiliore

136 4261 391 4351 interpretatione
406 4261 562 4328 adhibita:
588 4263 624 4328 Ξ.
641 4262 705 4328 127
719 4266 759 4347 τῷ
774 4265 823 4325 οὐκ
840 4259 998 4342 civ—pidet
1015 4259 1179 4341 ἄτιμήσήσε.

136 4371 195 4416 non
209 4361 315 4438 potest
330 4345 478 4412 substitui
493 4347 710 4496 φολασσήμειὲι,
725 4369 797 4412 cum
817 4368 887 4411 non·
896 4357 1046 4432 sequatur
1059 4350 1109 4427 μή,
1124 4343 1180 4410 sed

636 4453 656 4496 a
