2998 5052
462 379 530 444 AD
553 379 702 446 ILIAD.
726 385 766 446 u.
1074 381 1138 446 953

106 559 302 636 temperemus
323 549 538 618 animadversa
558 551 626 619 aliis
642 553 710 652 jam
732 551 963 634 animadversis,
986 565 1041 622 tan
1063 579 1138 622 uam

106 649 200 722 partes
221 636 318 703 totius
338 661 394 704 seu
414 639 531 730 speeies
550 661 681 729 genens.
727 641 961 730 Comprehensa
974 663 1048 708 sane
1085 667 1140 711 aec

106 735 172 786 sunt
184 723 242 788 sub
297 725 393 789 nerali
413 725 872 826 interpretationisnpraeceptp,
888 751 953 816 qua
966 727 1139 796 videndum

105 820 156 907 est,
175 831 213 873 ne
232 747 298 875 uli
318 824 471 876 sententia
486 813 589 878 verbis
611 813 806 902 subponitur,
820 813 879 878 nisi
893 837 932 878 ex
947 837 1067 897 eorum,
1083 816 1140 906 qui

106 895 235 960 scnbunt
250 895 300 962 vel
313 897 499 985 loquuntur,
516 899 656 966 sensibus
669 911 701 964 et
716 899 851 987 judiciis.
897 902 953 965 An
966 913 1049 967 recte
1063 904 1141 970 liaeo

105 1003 134 1043 se
146 980 289 1079 liebeant,
305 1007 387 1071 quae
405 985 490 1050 dicta
508 999 540 1051 et
560 986 675 1075 scripta
694 999 778 1066 sunt,
799 986 879 1051 alius
900 987 1022 1086 generis
1044 1002 1076 1053 et
1093 989 1141 1054 irr-

105 1065 177 1166 dolrs
192 1083 239 1133 est
253 1071 403 1157 quaestio.
450 1072 631 1172 Secundum
650 1072 738 1170 lraec,
758 1073 859 1137 omnis
877 1073 996 1152 critices
1016 1098 1072 1139 sen
1094 1074 1142 1139 hi-

104 1165 969 1343 uin.ttettlnot”t⁰¹rrnemtit
981 1183 1142 1328 tntu
1233 1247 1236 1260 ,

105 1325 201 1391 tutan
214 1327 318 1416 colhgr
333 1343 467 1417 possrnt3
491 1333 570 1397 Sect.
585 1333 655 1398 III.
671 1353 754 1420 quae
768 1333 806 1394 de
812 1329 896 1414 satie
913 1333 1142 1400 Homer-icarum

104 1411 340 1495 rhapsodiam,
361 1429 512 1504 tanquam
534 1418 684 1506 partium,
709 1428 835 1481 narrata
856 1417 928 1497 sint,
951 1418 1142 1508 tandemque

106 1499 180 1564 Sect.
206 1502 265 1565 IV.
288 1503 382 1654 (12320
383 1505 578 1653 probabiliter
600 1506 670 1568 inde
691 1513 832 1590 sequatur
854 1503 894 1570 de
916 1505 1087 1588 rtopeodtte
1110 1507 1142 1570 ia

106 1607 307 1673 compegerat
396 1611 431 1654 a.

490 1768 581 1834 SEC
590 1767 681 1834 '1¹10
710 1769 759 1833 II.

229 1887 283 1954 De
297 1888 413 1969 Iliadae
427 1899 605 1977 argttmento
620 1900 650 1954 et
664 1891 702 1954 de
712 1889 850 1972 partibas
863 1889 1015 1956 moninio.

186 2003 247 2081 ἥσω
259 2008 318 2091 γὰρ
333 2005 381 2068 aul
397 2003 465 2090 tyci,
481 2002 547 2068 τάδε
562 2023 608 2069 κέν
622 2004 675 2068 Διῒ
685 2004 777 2068 πάντα
791 2004 916 2087 punicea.
940 2009 971 2068 Ρ.
983 2006 1057 2071 515.

143 2111 275 2201 Duplici
296 2113 391 2179 modo
412 2129 634 2202 argumentum
653 2113 772 2178 Iliados
792 2113 938 2178 constitui
959 2127 1079 2203 potest:
1102 2114 1147 2180 al-

104 2209 168 2263 tero
190 2223 230 2264 ear
249 2199 315 2283 ipso
336 2202 478 2279 camnine,
501 2200 600 2266 altero
621 2223 661 2264 ex
681 2201 866 2283 expositione
885 2200 1059 2289 primorum
1079 2223 1148 2266 ver·

103 2306 194 2350 suum
205 2311 213 2349 :
223 2311 226 2316 ’
238 2285 272 2351 in
289 2287 405 2375 quibus
426 2287 622 2376 promittitur
640 2288 688 2351 ira
701 2287 838 2366 Achillia,
853 2297 884 2352 et
900 2289 1069 2370 pemicioea
1082 2289 1148 2372 ejas

105 2369 217 2457 effecta
230 2375 402 2456 perciades
417 2375 607 2452 Achivorum,
623 2395 663 2436 ex
679 2373 767 2436 Jonis
785 2373 907 2438 emnilier
916 2399 927 2447 ;
952 2395 1019 2438 cam
1038 2394 1147 2438 canera

103 2457 166 2522 irae
188 2469 290 2523 motae
309 2482 350 2524 ex
370 2461 558 2525 contentione
579 2481 646 2523 cnm
658 2461 907 2556 'Agamemnmm
931 2458 1053 2547 adjecta
1073 2458 1147 2524 inde

103 2544 269 2644 expositio,
284 2546 443 2633 quomodo
458 2570 494 2612 ea
508 2546 581 2610 inde
596 2557 671 2609 nata
684 2554 734 2624 srt,
750 2544 837 2631 quod
852 2543 971 2633 Apollo
984 2544 1068 2610 luem
1090 2545 1148 2612 im-

103 2645 232 2697 miserat
248 2645 378 2720 propter
398 2633 546 2722 injuriam
566 2631 718 2697 sacerdoti
738 2630 926 2720 supplicanti
945 2631 1074 2712 illatam,
1089 2655 1149 2721 pro

102 2741 167 2804 qua
192 2741 267 2784 cum
293 2719 545 2785 satisfaciendum
566 2731 646 2784 esset
671 2717 794 2782 reddita
875 2719 940 2783 enti
961 2717 1025 2782 lilia
1045 2733 1148 2806 capta,

103 2807 327 2892 Agamemnon
347 2806 545 2894 repugnavit,
560 2829 618 2870 nec
636 2817 761 2894 captam
781 2827 798 2868 r
838 2804 929 2884 didit,
944 2804 1004 2868 nisi
1023 2827 1093 2870 acce
1117 2819 1150 2870 ta

101 2891 162 2956 alin
175 2890 312 2979 captiva,
329 2892 437 2956 Brisae
458 2890 666 2972 lilia'Achilli
684 2903 801 2988 erepta,
817 2890 868 2955 cui
882 2913 919 2954 ea
934 2913 994 2977 pro
1012 2829 1148 2990 praedae

102 2978 375 3077 parte‘lronoraria
388 2979 463 3044 data
476 2993 551 3044 erat.
579 3064 585 3078 .
597 2976 730 3076 Proprie
743 2989 850 3063 itaque
864 2976 905 3040 ed
925 2989 1150 3076 expositionem

101 3063 754 3217 fflii‘ilffiinildriffleplei'i
768 3064 1152 3237 {maritet

101 3260 176 3302 cum
206 3237 255 3302 ira
282 3239 414 3326 ejusque
442 3237 531 3304 malis
555 3249 734 3302 narraretur
758 3258 897 3323 quoque,
923 3233 1082 3322 quomado
1106 3235 1153 3300 ira

103 3323 243 3389 Achillis
256 3323 378 3412 placata
390 3325 504 3400 fuerit3
529 3324 702 3424 quodcum
717 3323 862 3387 effectum
877 3334 967 3401 esset,
982 3344 1071 3386 caeso
1085 3323 1154 3386 He-

101 3425 210 3476 ctore:
235 3410 379 3476 carminis
404 3411 547 3500 promissr
569 3410 680 3510 utique
700 3422 922 3498 argumentum
943 3420 1010 3472 erat
1030 3407 1155 3474 absolu-

104 3511 192 3574 tum;
210 3496 391 3586 alienaeque
404 3512 480 3563 sunt
493 3497 677 3585 rhapsodrae
691 3496 773 3561 duae
788 3494 923 3560 ultimae.
950 3497 1064 3582 Neque
1078 3494 1155 3560 llaec

100 3584 228 3650 latuere
244 3584 326 3649 viros
344 3585 452 3649 doctos
470 3584 558 3664 alios,
571 3605 675 3672 neque
693 3581 764 3658 alia,
780 3604 861 3668 quae
882 3603 957 3646 mox
978 3603 1153 3668 exponam

103 3671 216 3760 attigit
229 3693 357 3758 quoque
372 3671 475 3736 Wolf.
492 3670 669 3758 Prolegom.
683 3691 715 3756 p.
727 3668 894 3733 CXVIII.

149 3757 269 3822 Altero
283 3757 379 3822 modo
393 3757 418 3822 ei
433 3779 474 3822 ex
486 3757 552 3840 ipso
567 3756 698 3821 camnine
707 3765 929 3841 argumentum
942 3753 1155 3821 constituitur:

102 3845 183 3910 inde
199 3866 219 3908 a
232 3843 285 3909 lue
299 3843 446 3922 immissa,
462 3843 666 3931 quaesitoque
684 3839 822 3904 remedio
843 3862 900 3928 per
917 3840 1157 3906 satisfactionem

102 3952 184 4084 {tn
189 3925 1158 4100 itttttltttt‘lttlffnlmtttltg‘ttnltltt

104 4118 183 4172 orta
197 4117 288 4182 esset,
302 4103 503 4170 constituitur
516 4113 738 4192 argumentum
749 4123 806 4184 per
819 4120 965 4164 secessum
979 4097 1105 4162 Achillia
1118 4099 1158 4164 ab

103 4191 219 4269 ames,
231 4188 372 4278 procedit
384 4211 439 4273 per
449 4209 573 4276 pngrrca
586 4187 934 4261 namneticorum,
947 4181 1047 4248 donec
1056 4184 1158 4249 Aelnil-

106 4279 154 4342 lee
169 4277 281 4340 Quem
294 4297 382 4340 ormo
396 4298 464 4340 nem
475 4274 596 4340 Achivis
601 4273 725 4359 jangit:
741 4270 827 4360 quod
841 4268 1000 4358 quomodo
1013 4269 1159 4342 effectum

103 4363 160 4443 sit,
186 4361 446 4449 est1illud,quod
467 4361 567 4450 ipsam
586 4357 767 4436 medullam,
782 4369 819 4422 ut
837 4357 883 4424 ita
895 4355 1008 4436 dicam,
1021 4357 1161 4446 corporis

465 4623 470 4658 l
