<?xml version="1.0" encoding="UTF-8"?>
<!DOCTYPE html PUBLIC "-//W3C//DTD XHTML 1.0 Transitional//EN"
    "http://www.w3.org/TR/xhtml1/DTD/xhtml1-transitional.dtd">
<html xmlns="http://www.w3.org/1999/xhtml" xml:lang="en" lang="en">
 <head>
  <title>
</title>
<meta http-equiv="Content-Type" content="text/html;charset=utf-8" />
  <meta name='ocr-system' content='tesseract 3.04.00' />
  <meta name='ocr-capabilities' content='ocr_page ocr_carea ocr_par ocr_line ocrx_word'/>
</head>
<body>
  <div class='ocr_page' id='page_1' title='image "./excursusinhomer00hermgoog_0231.png"; bbox 0 0 2998 5052; ppageno 0'>
   <div class='ocr_carea' id='block_1_1' title="bbox 330 353 1022 424">
    <p class='ocr_par' dir='ltr' id='par_1_1' title="bbox 330 353 1022 424">
     <span class='ocr_line' id='line_1_1' title="bbox 330 353 1022 424; baseline -0.001 -1"><span class='ocrx_word' id='word_1_1' title='bbox 330 353 396 423; x_wconf 83' lang='lat' dir='ltr'><strong>ala</strong></span> <span class='ocrx_word' id='word_1_2' title='bbox 693 355 947 424; x_wconf 84' lang='lat' dir='ltr'>EXCURSUS</span> <span class='ocrx_word' id='word_1_3' title='bbox 971 355 1022 422; x_wconf 88' lang='lat'><strong>11.</strong></span> 
     </span>
    </p>
   </div>
   <div class='ocr_carea' id='block_1_2' title="bbox 269 527 1382 1406">
    <p class='ocr_par' dir='ltr' id='par_1_2' title="bbox 331 527 1382 791">
     <span class='ocr_line' id='line_1_2' title="bbox 332 527 1382 617; baseline -0.004 -21"><span class='ocrx_word' id='word_1_4' title='bbox 332 553 398 596; x_wconf 84' lang='lat' dir='ltr'><strong>esse</strong></span> <span class='ocrx_word' id='word_1_5' title='bbox 411 528 692 617; x_wconf 88' lang='lat' dir='ltr'><strong>pronuntiandum,</strong></span> <span class='ocrx_word' id='word_1_6' title='bbox 707 528 762 594; x_wconf 82' lang='lat' dir='ltr'><strong>vix</strong></span> <span class='ocrx_word' id='word_1_7' title='bbox 776 528 899 594; x_wconf 90' lang='lat' dir='ltr'><strong>monitu</strong></span> <span class='ocrx_word' id='word_1_8' title='bbox 914 550 995 617; x_wconf 93' lang='lat' dir='ltr'><strong>opus</strong></span> <span class='ocrx_word' id='word_1_9' title='bbox 1009 549 1075 592; x_wconf 87' lang='lat' dir='ltr'><strong>esse</strong></span> <span class='ocrx_word' id='word_1_10' title='bbox 1088 527 1222 592; x_wconf 84' lang='lat' dir='ltr'><strong>videtur.</strong></span> <span class='ocrx_word' id='word_1_11' title='bbox 1249 527 1382 608; x_wconf 84' lang='lat' dir='ltr'><strong>Quaeri-</strong></span> 
     </span>
     <span class='ocr_line' id='line_1_3' title="bbox 331 614 1380 704; baseline -0.001 -23"><span class='ocrx_word' id='word_1_12' title='bbox 331 639 414 696; x_wconf 87' lang='lat' dir='ltr'>mus,</span> <span class='ocrx_word' id='word_1_13' title='bbox 426 639 523 703; x_wconf 86' lang='lat' dir='ltr'><strong>quem</strong></span> <span class='ocrx_word' id='word_1_14' title='bbox 536 639 631 680; x_wconf 91' lang='lat' dir='ltr'><strong>usum</strong></span> <span class='ocrx_word' id='word_1_15' title='bbox 642 619 686 680; x_wconf 88' lang='lat' dir='ltr'><strong>od</strong></span> <span class='ocrx_word' id='word_1_16' title='bbox 698 617 974 700; x_wconf 72' lang='lat' dir='ltr'><strong>interpretationes</strong></span> <span class='ocrx_word' id='word_1_17' title='bbox 985 615 1114 680; x_wconf 78' lang='lat' dir='ltr'><strong><em>Homeri</em></strong></span> <span class='ocrx_word' id='word_1_18' title='bbox 1125 614 1260 681; x_wconf 78' lang='lat' dir='ltr'><strong>habemt</strong></span> <span class='ocrx_word' id='word_1_19' title='bbox 1275 639 1380 704; x_wconf 87' lang='lat' dir='ltr'><strong>gram-</strong></span> 
     </span>
     <span class='ocr_line' id='line_1_4' title="bbox 331 702 1247 791; baseline -0.002 -23"><span class='ocrx_word' id='word_1_20' title='bbox 331 703 454 785; x_wconf 85' lang='lat' dir='ltr'><strong>matici,-</strong></span> <span class='ocrx_word' id='word_1_21' title='bbox 463 725 599 791; x_wconf 89' lang='lat' dir='ltr'><strong>quorum</strong></span> <span class='ocrx_word' id='word_1_22' title='bbox 613 703 739 781; x_wconf 75' lang='lat' dir='ltr'><strong>scholio,</strong></span> <span class='ocrx_word' id='word_1_23' title='bbox 745 702 939 789; x_wconf 78' lang='lat' dir='ltr'><strong>fragmento,</strong></span> <span class='ocrx_word' id='word_1_24' title='bbox 953 703 1073 788; x_wconf 81' lang='lat' dir='ltr'><strong>glossas</strong></span> <span class='ocrx_word' id='word_1_25' title='bbox 1086 702 1247 766; x_wconf 84' lang='lat' dir='ltr'><strong>habemus.</strong></span> 
     </span>
    </p>

    <p class='ocr_par' dir='ltr' id='par_1_3' title="bbox 269 787 1380 1406">
     <span class='ocr_line' id='line_1_5' title="bbox 338 787 1378 878; baseline -0.002 -24"><span class='ocrx_word' id='word_1_26' title='bbox 338 839 339 846; x_wconf 17' lang='grc' dir='ltr'><strong>κ</strong></span> <span class='ocrx_word' id='word_1_27' title='bbox 375 791 399 854; x_wconf 84' lang='lat' dir='ltr'><strong>J</strong></span> <span class='ocrx_word' id='word_1_28' title='bbox 400 811 451 856; x_wconf 93' lang='lat' dir='ltr'><strong>am</strong></span> <span class='ocrx_word' id='word_1_29' title='bbox 465 790 604 878; x_wconf 85' lang='lat' dir='ltr'><strong>primum</strong></span> <span class='ocrx_word' id='word_1_30' title='bbox 618 788 651 853; x_wconf 91' lang='lat' dir='ltr'><strong>in</strong></span> <span class='ocrx_word' id='word_1_31' title='bbox 665 788 713 867; x_wconf 85' lang='lat' dir='ltr'><strong>iis,</strong></span> <span class='ocrx_word' id='word_1_32' title='bbox 729 812 810 876; x_wconf 86' lang='lat' dir='ltr'><strong>quae</strong></span> <span class='ocrx_word' id='word_1_33' title='bbox 825 789 866 853; x_wconf 88' lang='lat' dir='ltr'><strong>ad</strong></span> <span class='ocrx_word' id='word_1_34' title='bbox 879 787 1024 852; x_wconf 80' lang='lat' dir='ltr'><strong>carminis</strong></span> <span class='ocrx_word' id='word_1_35' title='bbox 1034 810 1187 854; x_wconf 89' lang='lat' dir='ltr'><strong>summam</strong></span> <span class='ocrx_word' id='word_1_36' title='bbox 1202 801 1235 854; x_wconf 93' lang='lat' dir='ltr'><strong>et</strong></span> <span class='ocrx_word' id='word_1_37' title='bbox 1248 809 1378 854; x_wconf 89' lang='lat' dir='ltr'><strong>oecono-</strong></span> 
     </span>
     <span class='ocr_line' id='line_1_6' title="bbox 331 873 1377 974; baseline -0.002 -33"><span class='ocrx_word' id='word_1_38' title='bbox 331 875 442 956; x_wconf 83' lang='lat' dir='ltr'><strong>miam,</strong></span> <span class='ocrx_word' id='word_1_39' title='bbox 451 876 653 974; x_wconf 86' lang='lat' dir='ltr'><strong>partiumque</strong></span> <span class='ocrx_word' id='word_1_40' title='bbox 663 875 847 962; x_wconf 87' lang='lat' dir='ltr'><strong>juncturam</strong></span> <span class='ocrx_word' id='word_1_41' title='bbox 861 887 1013 962; x_wconf 86' lang='lat' dir='ltr'><strong>spectant,</strong></span> <span class='ocrx_word' id='word_1_42' title='bbox 1024 873 1078 938; x_wconf 87' lang='lat' dir='ltr'><strong>vix</strong></span> <span class='ocrx_word' id='word_1_43' title='bbox 1093 875 1212 963; x_wconf 87' lang='lat' dir='ltr'><strong>aliquid</strong></span> <span class='ocrx_word' id='word_1_44' title='bbox 1225 874 1377 962; x_wconf 87' lang='lat' dir='ltr'><strong>praeclari</strong></span> 
     </span>
     <span class='ocr_line' id='line_1_7' title="bbox 331 961 1380 1060; baseline -0.003 -32"><span class='ocrx_word' id='word_1_45' title='bbox 331 985 383 1042; x_wconf 79' lang='lat' dir='ltr'><strong>ure</strong></span> <span class='ocrx_word' id='word_1_46' title='bbox 397 985 488 1028; x_wconf 85' lang='lat' dir='ltr'><strong>exus</strong></span> <span class='ocrx_word' id='word_1_47' title='bbox 502 962 645 1027; x_wconf 83' lang='lat' dir='ltr'><strong>didicisse</strong></span> <span class='ocrx_word' id='word_1_48' title='bbox 657 961 793 1049; x_wconf 88' lang='lat' dir='ltr'><strong>ingenue</strong></span> <span class='ocrx_word' id='word_1_49' title='bbox 807 961 916 1026; x_wconf 82' lang='lat' dir='ltr'><strong>fateor.</strong></span> <span class='ocrx_word' id='word_1_50' title='bbox 960 963 1037 1060; x_wconf 87' lang='lat' dir='ltr'><strong>Ipsa</strong></span> <span class='ocrx_word' id='word_1_51' title='bbox 1050 973 1236 1048; x_wconf 85' lang='lat' dir='ltr'><strong>argumenta</strong></span> <span class='ocrx_word' id='word_1_52' title='bbox 1249 961 1380 1048; x_wconf 81' lang='lat' dir='ltr'><strong>rha&#39;pse-</strong></span> 
     </span>
     <span class='ocr_line' id='line_1_8' title="bbox 332 1047 1380 1140; baseline -0.001 -27"><span class='ocrx_word' id='word_1_53' title='bbox 332 1047 392 1113; x_wconf 92' lang='lat' dir='ltr'><strong>diis</strong></span> <span class='ocrx_word' id='word_1_54' title='bbox 407 1048 453 1113; x_wconf 90' lang='lat' dir='ltr'><strong>sin</strong></span> <span class='ocrx_word' id='word_1_55' title='bbox 499 1047 536 1112; x_wconf 89' lang='lat' dir='ltr'><strong>lis</strong></span> <span class='ocrx_word' id='word_1_56' title='bbox 551 1047 728 1140; x_wconf 88' lang='lat' dir='ltr'><strong>praeposita</strong></span> <span class='ocrx_word' id='word_1_57' title='bbox 742 1062 816 1113; x_wconf 91' lang='lat' dir='ltr'><strong>sunt</strong></span> <span class='ocrx_word' id='word_1_58' title='bbox 827 1059 895 1111; x_wconf 90' lang='lat' dir='ltr'><strong>tam</strong></span> <span class='ocrx_word' id='word_1_59' title='bbox 916 1047 1018 1126; x_wconf 79' lang='lat' dir='ltr'><strong>exibe,</strong></span> <span class='ocrx_word' id='word_1_60' title='bbox 1041 1060 1106 1112; x_wconf 87' lang='lat' dir='ltr'><strong>tam</strong></span> <span class='ocrx_word' id='word_1_61' title='bbox 1125 1047 1221 1112; x_wconf 86' lang='lat' dir='ltr'><strong>nulla</strong></span> <span class='ocrx_word' id='word_1_62' title='bbox 1234 1070 1308 1112; x_wconf 90' lang='lat' dir='ltr'><strong>cum</strong></span> <span class='ocrx_word' id='word_1_63' title='bbox 1324 1049 1380 1136; x_wconf 90' lang='lat' dir='ltr'><strong>ju-</strong></span> 
     </span>
     <span class='ocr_line' id='line_1_9' title="bbox 332 1133 1379 1221; baseline -0.002 -22"><span class='ocrx_word' id='word_1_64' title='bbox 332 1134 406 1199; x_wconf 90' lang='lat' dir='ltr'><strong>dicii</strong></span> <span class='ocrx_word' id='word_1_65' title='bbox 420 1158 457 1200; x_wconf 92' lang='lat' dir='ltr'><strong>su</strong></span> <span class='ocrx_word' id='word_1_66' title='bbox 480 1134 594 1200; x_wconf 86' lang='lat' dir='ltr'><strong>tilitate</strong></span> <span class='ocrx_word' id='word_1_67' title='bbox 606 1135 699 1213; x_wconf 83' lang='lat' dir='ltr'><strong>facta,</strong></span> <span class='ocrx_word' id='word_1_68' title='bbox 711 1149 748 1200; x_wconf 90' lang='lat' dir='ltr'><strong>ut</strong></span> <span class='ocrx_word' id='word_1_69' title='bbox 762 1157 802 1199; x_wconf 89' lang='lat' dir='ltr'><strong>ne</strong></span> <span class='ocrx_word' id='word_1_70' title='bbox 817 1155 972 1198; x_wconf 88' lang='lat' dir='ltr'><strong>summam</strong></span> <span class='ocrx_word' id='word_1_71' title='bbox 981 1133 1111 1221; x_wconf 92' lang='lat' dir='ltr'><strong>quidem</strong></span> <span class='ocrx_word' id='word_1_72' title='bbox 1125 1157 1231 1201; x_wconf 88' lang='lat' dir='ltr'><strong>rerum</strong></span> <span class='ocrx_word' id='word_1_73' title='bbox 1245 1133 1326 1198; x_wconf 89' lang='lat' dir='ltr'><strong>libro</strong></span> <span class='ocrx_word' id='word_1_74' title='bbox 1340 1157 1379 1198; x_wconf 93' lang='lat' dir='ltr'><strong>eo</strong></span> 
     </span>
     <span class='ocr_line' id='line_1_10' title="bbox 269 1219 1379 1308; baseline -0.002 -22"><span class='ocrx_word' id='word_1_75' title='bbox 269 1270 272 1276; x_wconf 69' lang='grc'><strong>.</strong></span> <span class='ocrx_word' id='word_1_76' title='bbox 331 1222 624 1308; x_wconf 89' lang='lat' dir='ltr'><strong>comprehensarum</strong></span> <span class='ocrx_word' id='word_1_77' title='bbox 644 1219 720 1286; x_wconf 92' lang='lat' dir='ltr'><strong>inde</strong></span> <span class='ocrx_word' id='word_1_78' title='bbox 740 1221 900 1295; x_wconf 86' lang='lat' dir='ltr'><strong>addiscas;</strong></span> <span class='ocrx_word' id='word_1_79' title='bbox 915 1243 1021 1308; x_wconf 22' lang='lat' dir='ltr'><strong>&#39;quare</strong></span> <span class='ocrx_word' id='word_1_80' title='bbox 1042 1219 1119 1284; x_wconf 92' lang='lat' dir='ltr'><strong>mihi</strong></span> <span class='ocrx_word' id='word_1_81' title='bbox 1133 1245 1171 1284; x_wconf 92' lang='lat' dir='ltr'><strong>ea</strong></span> <span class='ocrx_word' id='word_1_82' title='bbox 1184 1221 1312 1285; x_wconf 89' lang='lat' dir='ltr'><strong>omnino</strong></span> <span class='ocrx_word' id='word_1_83' title='bbox 1331 1243 1379 1284; x_wconf 85' lang='lat' dir='ltr'><strong>as-</strong></span> 
     </span>
     <span class='ocr_line' id='line_1_11' title="bbox 332 1306 1380 1406; baseline -0.002 -34"><span class='ocrx_word' id='word_1_84' title='bbox 332 1307 495 1396; x_wconf 89' lang='lat' dir='ltr'><strong>pernanda</strong></span> <span class='ocrx_word' id='word_1_85' title='bbox 515 1321 547 1372; x_wconf 91' lang='lat' dir='ltr'><strong>et</strong></span> <span class='ocrx_word' id='word_1_86' title='bbox 567 1306 736 1394; x_wconf 89' lang='lat' dir='ltr'><strong>rejicienda</strong></span> <span class='ocrx_word' id='word_1_87' title='bbox 755 1330 821 1371; x_wconf 88' lang='lat' dir='ltr'><strong>esse</strong></span> <span class='ocrx_word' id='word_1_88' title='bbox 835 1307 902 1370; x_wconf 91' lang='lat' dir='ltr'><strong>visa</strong></span> <span class='ocrx_word' id='word_1_89' title='bbox 922 1316 1007 1386; x_wconf 90' lang='lat' dir='ltr'><strong>sunt,</strong></span> <span class='ocrx_word' id='word_1_90' title='bbox 1022 1329 1127 1406; x_wconf 82' lang='lat' dir='ltr'><strong>neque</strong></span> <span class='ocrx_word' id='word_1_91' title='bbox 1144 1307 1182 1371; x_wconf 91' lang='lat' dir='ltr'><strong>iis</strong></span> <span class='ocrx_word' id='word_1_92' title='bbox 1201 1307 1380 1393; x_wconf 67' lang='lat' dir='ltr'><strong>repetendis</strong></span> 
     </span>
    </p>
   </div>
   <div class='ocr_carea' id='block_1_3' title="bbox 330 1391 1489 1494">
    <p class='ocr_par' dir='ltr' id='par_1_4' title="bbox 330 1391 1489 1494">
     <span class='ocr_line' id='line_1_12' title="bbox 330 1391 1489 1494; baseline 0.003 -36"><span class='ocrx_word' id='word_1_93' title='bbox 330 1417 459 1494; x_wconf 78' lang='lat' dir='ltr'><strong>operam</strong></span> <span class='ocrx_word' id='word_1_94' title='bbox 481 1407 513 1459; x_wconf 89' lang='lat' dir='ltr'><strong>et</strong></span> <span class='ocrx_word' id='word_1_95' title='bbox 534 1395 674 1459; x_wconf 88' lang='lat' dir='ltr'><strong>chartam</strong></span> <span class='ocrx_word' id='word_1_96' title='bbox 695 1393 827 1481; x_wconf 86' lang='lat' dir='ltr'><strong>perdere</strong></span> <span class='ocrx_word' id='word_1_97' title='bbox 843 1391 940 1458; x_wconf 86' lang='lat' dir='ltr'><strong>volui.</strong></span> <span class='ocrx_word' id='word_1_98' title='bbox 985 1393 1179 1480; x_wconf 85' lang='lat' dir='ltr'><strong>Antiqumra</strong></span> <span class='ocrx_word' id='word_1_99' title='bbox 1199 1393 1327 1458; x_wconf 87' lang='lat' dir='ltr'><strong>nomina</strong></span> <span class='ocrx_word' id='word_1_100' title='bbox 1347 1406 1380 1458; x_wconf 91' lang='lat' dir='ltr'><strong>et</strong></span> <span class='ocrx_word' id='word_1_101' title='bbox 1488 1459 1489 1462; x_wconf 74' lang='grc'>,</span> 
     </span>
    </p>
   </div>
   <div class='ocr_carea' id='block_1_4' title="bbox 235 1478 1381 4339">
    <p class='ocr_par' dir='ltr' id='par_1_5' title="bbox 235 1478 1381 4339">
     <span class='ocr_line' id='line_1_13' title="bbox 332 1478 1380 1574; baseline -0.003 -28"><span class='ocrx_word' id='word_1_102' title='bbox 332 1480 417 1546; x_wconf 86' lang='lat' dir='ltr'><strong>trtuh</strong></span> <span class='ocrx_word' id='word_1_103' title='bbox 437 1481 554 1546; x_wconf 88' lang='lat' dir='ltr'><strong>habere</strong></span> <span class='ocrx_word' id='word_1_104' title='bbox 573 1493 709 1574; x_wconf 88' lang='lat' dir='ltr'><strong>possunt·</strong></span> <span class='ocrx_word' id='word_1_105' title='bbox 724 1479 817 1544; x_wconf 75' lang='lat' dir='ltr'><strong>aliam</strong></span> <span class='ocrx_word' id='word_1_106' title='bbox 838 1478 1025 1555; x_wconf 71' lang='lat' dir='ltr'><strong>utilitatem</strong></span> <span class='ocrx_word' id='word_1_107' title='bbox 1049 1492 1124 1544; x_wconf 87' lang='lat' dir='ltr'><strong>sunt</strong></span> <span class='ocrx_word' id='word_1_108' title='bbox 1137 1479 1245 1568; x_wconf 88' lang='lat' dir='ltr'><strong>itaque</strong></span> <span class='ocrx_word' id='word_1_109' title='bbox 1259 1503 1297 1544; x_wconf 89' lang='lat' dir='ltr'><strong>ea</strong></span> <span class='ocrx_word' id='word_1_110' title='bbox 1310 1479 1380 1544; x_wconf 90' lang='lat' dir='ltr'><strong>dili-</strong></span> 
     </span>
     <span class='ocr_line' id='line_1_14' title="bbox 354 1565 1381 1643; baseline -0.001 -11"><span class='ocrx_word' id='word_1_111' title='bbox 354 1579 442 1632; x_wconf 83' lang='lat' dir='ltr'><strong>enter</strong></span> <span class='ocrx_word' id='word_1_112' title='bbox 455 1592 475 1632; x_wconf 89' lang='lat' dir='ltr'><strong>a</strong></span> <span class='ocrx_word' id='word_1_113' title='bbox 490 1591 540 1632; x_wconf 91' lang='lat' dir='ltr'><strong>me</strong></span> <span class='ocrx_word' id='word_1_114' title='bbox 554 1579 680 1643; x_wconf 87' lang='lat' dir='ltr'><strong>notata;</strong></span> <span class='ocrx_word' id='word_1_115' title='bbox 704 1580 737 1631; x_wconf 88' lang='lat' dir='ltr'><strong>et</strong></span> <span class='ocrx_word' id='word_1_116' title='bbox 750 1566 810 1631; x_wconf 90' lang='lat' dir='ltr'><strong>erit</strong></span> <span class='ocrx_word' id='word_1_117' title='bbox 823 1589 932 1630; x_wconf 88' lang='lat' dir='ltr'><strong>eorum</strong></span> <span class='ocrx_word' id='word_1_118' title='bbox 946 1589 1023 1631; x_wconf 89' lang='lat' dir='ltr'><strong>usus</strong></span> <span class='ocrx_word' id='word_1_119' title='bbox 1036 1565 1070 1629; x_wconf 92' lang='lat' dir='ltr'><strong>in</strong></span> <span class='ocrx_word' id='word_1_120' title='bbox 1084 1567 1233 1630; x_wconf 86' lang='lat' dir='ltr'><strong>Excursu</strong></span> <span class='ocrx_word' id='word_1_121' title='bbox 1249 1566 1290 1636; x_wconf 90' lang='lat' dir='ltr'><strong>de</strong></span> <span class='ocrx_word' id='word_1_122' title='bbox 1305 1566 1381 1632; x_wconf 89' lang='lat' dir='ltr'><strong>Ilia-</strong></span> 
     </span>
     <span class='ocr_line' id='line_1_15' title="bbox 331 1591 1380 1742; baseline 0 -24"><span class='ocrx_word' id='word_1_123' title='bbox 331 1591 389 1718; x_wconf 76' lang='lat' dir='ltr'><strong>dos</strong></span> <span class='ocrx_word' id='word_1_124' title='bbox 402 1655 554 1742; x_wconf 90' lang='lat' dir='ltr'><strong>partibus.</strong></span> <span class='ocrx_word' id='word_1_125' title='bbox 600 1656 654 1718; x_wconf 88' lang='lat' dir='ltr'><strong>Ex</strong></span> <span class='ocrx_word' id='word_1_126' title='bbox 668 1653 795 1718; x_wconf 90' lang='lat' dir='ltr'><strong>monitis</strong></span> <span class='ocrx_word' id='word_1_127' title='bbox 807 1665 915 1716; x_wconf 91' lang='lat' dir='ltr'><strong>autem</strong></span> <span class='ocrx_word' id='word_1_128' title='bbox 934 1652 1221 1739; x_wconf 86' lang='lat' dir='ltr'><strong>grammaticorum,</strong></span> <span class='ocrx_word' id='word_1_129' title='bbox 1236 1652 1380 1740; x_wconf 86' lang='lat' dir='ltr'><strong>inprimis</strong></span> 
     </span>
     <span class='ocr_line' id='line_1_16' title="bbox 332 1733 1380 1828; baseline 0 -23"><span class='ocrx_word' id='word_1_130' title='bbox 332 1740 546 1828; x_wconf 78' lang='lat' dir='ltr'><strong>antiquiorum</strong></span> <span class='ocrx_word' id='word_1_131' title='bbox 570 1756 603 1805; x_wconf 86' lang='lat' dir='ltr'><strong>et</strong></span> <span class='ocrx_word' id='word_1_132' title='bbox 628 1733 928 1816; x_wconf 85' lang='lat' dir='ltr'><strong>Alexandrinorum,</strong></span> <span class='ocrx_word' id='word_1_133' title='bbox 955 1738 995 1803; x_wconf 93' lang='lat' dir='ltr'><strong>de</strong></span> <span class='ocrx_word' id='word_1_134' title='bbox 1021 1737 1150 1827; x_wconf 85' lang='lat' dir='ltr'><strong>singulis</strong></span> <span class='ocrx_word' id='word_1_135' title='bbox 1178 1739 1322 1826; x_wconf 85' lang='lat' dir='ltr'><strong>partibus</strong></span> <span class='ocrx_word' id='word_1_136' title='bbox 1347 1753 1380 1805; x_wconf 89' lang='lat' dir='ltr'><strong>et</strong></span> 
     </span>
     <span class='ocr_line' id='line_1_17' title="bbox 332 1824 1378 1914; baseline -0.002 -22"><span class='ocrx_word' id='word_1_137' title='bbox 332 1826 407 1892; x_wconf 89' lang='lat' dir='ltr'><strong>locis</strong></span> <span class='ocrx_word' id='word_1_138' title='bbox 420 1827 564 1892; x_wconf 80' lang='lat' dir='ltr'><strong>carminis</strong></span> <span class='ocrx_word' id='word_1_139' title='bbox 577 1826 715 1891; x_wconf 88' lang='lat' dir='ltr'><strong>multum</strong></span> <span class='ocrx_word' id='word_1_140' title='bbox 729 1849 780 1890; x_wconf 90' lang='lat' dir='ltr'><strong>me</strong></span> <span class='ocrx_word' id='word_1_141' title='bbox 793 1824 960 1914; x_wconf 85' lang='lat' dir='ltr'><strong>profecisse</strong></span> <span class='ocrx_word' id='word_1_142' title='bbox 1001 1827 1147 1901; x_wconf 78' lang='lat' dir='ltr'><strong>rofitsor3</strong></span> <span class='ocrx_word' id='word_1_143' title='bbox 1170 1848 1234 1889; x_wconf 93' lang='lat' dir='ltr'><strong>non</strong></span> <span class='ocrx_word' id='word_1_144' title='bbox 1248 1827 1378 1913; x_wconf 90' lang='lat' dir='ltr'><strong>quidem</strong></span> 
     </span>
     <span class='ocr_line' id='line_1_18' title="bbox 331 1912 1380 2001; baseline 0.001 -24"><span class='ocrx_word' id='word_1_145' title='bbox 331 1936 369 1977; x_wconf 86' lang='lat' dir='ltr'><strong>ae</strong></span> <span class='ocrx_word' id='word_1_146' title='bbox 384 1913 409 1977; x_wconf 88' lang='lat' dir='ltr'><strong>si</strong></span> <span class='ocrx_word' id='word_1_147' title='bbox 419 1913 541 2000; x_wconf 91' lang='lat' dir='ltr'><strong>judicia</strong></span> <span class='ocrx_word' id='word_1_148' title='bbox 553 1936 663 1981; x_wconf 84' lang='lat' dir='ltr'><strong>eorum</strong></span> <span class='ocrx_word' id='word_1_149' title='bbox 677 1912 797 1999; x_wconf 92' lang='lat' dir='ltr'><strong>ubique</strong></span> <span class='ocrx_word' id='word_1_150' title='bbox 810 1912 968 2001; x_wconf 87' lang='lat' dir='ltr'><strong>deprehen</strong></span> <span class='ocrx_word' id='word_1_151' title='bbox 992 1912 1067 1976; x_wconf 85' lang='lat' dir='ltr'><strong>erim</strong></span> <span class='ocrx_word' id='word_1_152' title='bbox 1083 1936 1149 1977; x_wconf 87' lang='lat' dir='ltr'><strong>esse</strong></span> <span class='ocrx_word' id='word_1_153' title='bbox 1161 1936 1250 1992; x_wconf 84' lang='lat' dir='ltr'><strong>vera,-</strong></span> <span class='ocrx_word' id='word_1_154' title='bbox 1263 1914 1380 2001; x_wconf 87' lang='lat' dir='ltr'><strong>quibus</strong></span> 
     </span>
     <span class='ocr_line' id='line_1_19' title="bbox 235 1997 1380 2097; baseline 0.001 -33"><span class='ocrx_word' id='word_1_155' title='bbox 235 2049 242 2053; x_wconf 88' lang='lat'>-</span> <span class='ocrx_word' id='word_1_156' title='bbox 332 1997 568 2079; x_wconf 83' lang='lat' dir='ltr'><strong>subscriberem,</strong></span> <span class='ocrx_word' id='word_1_157' title='bbox 583 2021 695 2064; x_wconf 85' lang='lat' dir='ltr'><strong>verum</strong></span> <span class='ocrx_word' id='word_1_158' title='bbox 709 1999 785 2097; x_wconf 89' lang='lat' dir='ltr'><strong>quia</strong></span> <span class='ocrx_word' id='word_1_159' title='bbox 799 2021 908 2064; x_wconf 86' lang='lat' dir='ltr'><strong>eorum</strong></span> <span class='ocrx_word' id='word_1_160' title='bbox 929 1999 1081 2086; x_wconf 81' lang='lat' dir='ltr'><strong>argutiae,</strong></span> <span class='ocrx_word' id='word_1_161' title='bbox 1096 2011 1225 2087; x_wconf 81' lang='lat' dir='ltr'><strong>atquae</strong></span> <span class='ocrx_word' id='word_1_162' title='bbox 1239 2001 1380 2066; x_wconf 86' lang='lat' dir='ltr'><strong>cumula·</strong></span> 
     </span>
     <span class='ocr_line' id='line_1_20' title="bbox 329 2083 1378 2188; baseline 0 -38"><span class='ocrx_word' id='word_1_163' title='bbox 329 2089 443 2150; x_wconf 72' lang='lat' dir='ltr'><strong>&#39;nerant</strong></span> <span class='ocrx_word' id='word_1_164' title='bbox 456 2111 476 2150; x_wconf 92' lang='lat' dir='ltr'><strong>a</strong></span> <span class='ocrx_word' id='word_1_165' title='bbox 488 2110 523 2151; x_wconf 91' lang='lat' dir='ltr'><strong>re</strong></span> <span class='ocrx_word' id='word_1_166' title='bbox 537 2086 647 2166; x_wconf 90' lang='lat' dir='ltr'><strong>aliena,</strong></span> <span class='ocrx_word' id='word_1_167' title='bbox 663 2099 804 2150; x_wconf 79' lang='lat' dir='ltr'><strong>notiones</strong></span> <span class='ocrx_word' id='word_1_168' title='bbox 818 2098 922 2151; x_wconf 86' lang='lat' dir='ltr'><strong>tamen</strong></span> <span class='ocrx_word' id='word_1_169' title='bbox 944 2083 1116 2152; x_wconf 88' lang='lat' dir='ltr'><strong>multarum</strong></span> <span class='ocrx_word' id='word_1_170' title='bbox 1137 2108 1243 2150; x_wconf 88' lang='lat' dir='ltr'><strong>rerum</strong></span> <span class='ocrx_word' id='word_1_171' title='bbox 1266 2111 1378 2188; x_wconf 79' lang='lat' dir='ltr'><strong>sugge-</strong></span> 
     </span>
     <span class='ocr_line' id='line_1_21' title="bbox 332 2171 1378 2260; baseline 0.001 -24"><span class='ocrx_word' id='word_1_172' title='bbox 332 2173 453 2251; x_wconf 85' lang='lat' dir='ltr'><strong>rebant,</strong></span> <span class='ocrx_word' id='word_1_173' title='bbox 476 2173 634 2260; x_wconf 87' lang='lat' dir='ltr'><strong>judicium</strong></span> <span class='ocrx_word' id='word_1_174' title='bbox 658 2172 823 2252; x_wconf 87' lang='lat' dir='ltr'><strong>acuebant,</strong></span> <span class='ocrx_word' id='word_1_175' title='bbox 847 2179 1047 2259; x_wconf 87' lang='lat' dir='ltr'><strong>mentemque</strong></span> <span class='ocrx_word' id='word_1_176' title='bbox 1072 2171 1243 2238; x_wconf 83' lang='lat' dir='ltr'><strong>incitabant</strong></span> <span class='ocrx_word' id='word_1_177' title='bbox 1266 2175 1309 2238; x_wconf 88' lang='lat' dir='ltr'><strong>ad</strong></span> <span class='ocrx_word' id='word_1_178' title='bbox 1333 2197 1378 2237; x_wconf 88' lang='lat' dir='ltr'><strong>m-</strong></span> 
     </span>
     <span class='ocr_line' id='line_1_22' title="bbox 330 2258 1377 2347; baseline 0 -23"><span class='ocrx_word' id='word_1_179' title='bbox 330 2259 514 2347; x_wconf 87' lang='lat' dir='ltr'><strong>dagandum</strong></span> <span class='ocrx_word' id='word_1_180' title='bbox 535 2272 568 2324; x_wconf 90' lang='lat' dir='ltr'><strong>et</strong></span> <span class='ocrx_word' id='word_1_181' title='bbox 588 2258 818 2347; x_wconf 87' lang='lat' dir='ltr'><strong>assequendum</strong></span> <span class='ocrx_word' id='word_1_182' title='bbox 839 2258 884 2338; x_wconf 90' lang='lat' dir='ltr'><strong>id,</strong></span> <span class='ocrx_word' id='word_1_183' title='bbox 900 2258 987 2347; x_wconf 92' lang='lat' dir='ltr'><strong>quod</strong></span> <span class='ocrx_word' id='word_1_184' title='bbox 1005 2282 1071 2346; x_wconf 94' lang='lat' dir='ltr'><strong>quo</strong></span> <span class='ocrx_word' id='word_1_185' title='bbox 1089 2259 1194 2324; x_wconf 91' lang='lat' dir='ltr'><strong>minus</strong></span> <span class='ocrx_word' id='word_1_186' title='bbox 1208 2282 1320 2326; x_wconf 87' lang='lat' dir='ltr'><strong>verum</strong></span> <span class='ocrx_word' id='word_1_187' title='bbox 1334 2261 1377 2324; x_wconf 87' lang='lat' dir='ltr'><strong>vi-</strong></span> 
     </span>
     <span class='ocr_line' id='line_1_23' title="bbox 332 2345 1377 2434; baseline 0.003 -24"><span class='ocrx_word' id='word_1_188' title='bbox 332 2345 453 2425; x_wconf 82' lang='lat' dir='ltr'><strong>derent,</strong></span> <span class='ocrx_word' id='word_1_189' title='bbox 481 2345 629 2412; x_wconf 91' lang='lat' dir='ltr'><strong>nebulam</strong></span> <span class='ocrx_word' id='word_1_190' title='bbox 651 2346 819 2434; x_wconf 86' lang='lat' dir='ltr'><strong>objecerat,</strong></span> <span class='ocrx_word' id='word_1_191' title='bbox 845 2357 903 2410; x_wconf 87' lang='lat' dir='ltr'><strong>aut</strong></span> <span class='ocrx_word' id='word_1_192' title='bbox 925 2369 977 2410; x_wconf 90' lang='lat' dir='ltr'><strong>eos</strong></span> <span class='ocrx_word' id='word_1_193' title='bbox 1000 2357 1191 2412; x_wconf 83' lang='lat' dir='ltr'><strong>transversos</strong></span> <span class='ocrx_word' id='word_1_194' title='bbox 1214 2347 1256 2412; x_wconf 86' lang='lat' dir='ltr'><strong>ad</strong></span> <span class='ocrx_word' id='word_1_195' title='bbox 1278 2347 1377 2413; x_wconf 83' lang='lat' dir='ltr'><strong>aliena</strong></span> 
     </span>
     <span class='ocr_line' id='line_1_24' title="bbox 331 2445 1329 2498; baseline 0.002 -1"><span class='ocrx_word' id='word_1_196' title='bbox 331 2451 350 2497; x_wconf 87' lang='lat' dir='ltr'><strong>e</strong></span> <span class='ocrx_word' id='word_1_197' title='bbox 390 2445 447 2498; x_wconf 89' lang='lat' dir='ltr'><strong>rat.</strong></span> <span class='ocrx_word' id='word_1_198' title='bbox 1327 2481 1329 2488; x_wconf 78' lang='lat'><em>·</em></span> 
     </span>
     <span class='ocr_line' id='line_1_25' title="bbox 349 2455 1377 2608; baseline 0.001 -24"><span class='ocrx_word' id='word_1_199' title='bbox 349 2455 535 2608; x_wconf 80' lang='lat' dir='ltr'><strong>geMagnum</strong></span> <span class='ocrx_word' id='word_1_200' title='bbox 557 2518 832 2607; x_wconf 86' lang='lat' dir='ltr'><strong>grammaticorum</strong></span> <span class='ocrx_word' id='word_1_201' title='bbox 853 2517 1000 2582; x_wconf 89' lang='lat' dir='ltr'><strong>meritum</strong></span> <span class='ocrx_word' id='word_1_202' title='bbox 1015 2517 1056 2582; x_wconf 90' lang='lat' dir='ltr'><strong>de</strong></span> <span class='ocrx_word' id='word_1_203' title='bbox 1069 2529 1162 2606; x_wconf 90' lang='lat' dir='ltr'><strong>poeta</strong></span> <span class='ocrx_word' id='word_1_204' title='bbox 1178 2531 1269 2598; x_wconf 90' lang='lat' dir='ltr'><strong>esset,</strong></span> <span class='ocrx_word' id='word_1_205' title='bbox 1286 2520 1377 2585; x_wconf 90' lang='lat' dir='ltr'><strong>sian-</strong></span> 
     </span>
     <span class='ocr_line' id='line_1_26' title="bbox 332 2605 1376 2754; baseline 0.001 -84"><span class='ocrx_word' id='word_1_206' title='bbox 332 2605 436 2692; x_wconf 89' lang='lat' dir='ltr'><strong>tiquas</strong></span> <span class='ocrx_word' id='word_1_207' title='bbox 456 2628 563 2670; x_wconf 89' lang='lat' dir='ltr'><strong>rerum</strong></span> <span class='ocrx_word' id='word_1_208' title='bbox 582 2606 723 2670; x_wconf 90' lang='lat' dir='ltr'><strong>notiones</strong></span> <span class='ocrx_word' id='word_1_209' title='bbox 737 2619 771 2670; x_wconf 87' lang='lat' dir='ltr'><strong>et</strong></span> <span class='ocrx_word' id='word_1_210' title='bbox 783 2605 954 2704; x_wconf 88' lang='lat' dir='ltr'><strong>opiniones,</strong></span> <span class='ocrx_word' id='word_1_211' title='bbox 969 2605 1095 2754; x_wconf 72' lang='lat' dir='ltr'><strong>mpthos</strong></span> <span class='ocrx_word' id='word_1_212' title='bbox 1110 2620 1142 2668; x_wconf 87' lang='lat' dir='ltr'><strong>et</strong></span> <span class='ocrx_word' id='word_1_213' title='bbox 1155 2605 1294 2686; x_wconf 85' lang='lat' dir='ltr'><strong>notitias,</strong></span> <span class='ocrx_word' id='word_1_214' title='bbox 1310 2605 1376 2671; x_wconf 91' lang='lat' dir='ltr'><strong>dili-</strong></span> 
     </span>
     <span class='ocr_line' id='line_1_27' title="bbox 332 2690 1376 2780; baseline 0.003 -25"><span class='ocrx_word' id='word_1_215' title='bbox 332 2692 458 2780; x_wconf 86' lang='lat' dir='ltr'><strong>gentius</strong></span> <span class='ocrx_word' id='word_1_216' title='bbox 476 2690 692 2772; x_wconf 88' lang='lat' dir='ltr'><strong>illustrassent,</strong></span> <span class='ocrx_word' id='word_1_217' title='bbox 707 2705 764 2756; x_wconf 91' lang='lat' dir='ltr'><strong>aut</strong></span> <span class='ocrx_word' id='word_1_218' title='bbox 783 2715 809 2756; x_wconf 87' lang='lat' dir='ltr'><strong>sr</strong></span> <span class='ocrx_word' id='word_1_219' title='bbox 830 2691 958 2756; x_wconf 86' lang='lat' dir='ltr'><strong>seriores</strong></span> <span class='ocrx_word' id='word_1_220' title='bbox 978 2714 1072 2778; x_wconf 91' lang='lat' dir='ltr'><strong>pura</strong></span> <span class='ocrx_word' id='word_1_221' title='bbox 1091 2690 1188 2778; x_wconf 90' lang='lat' dir='ltr'><strong>hujus</strong></span> <span class='ocrx_word' id='word_1_222' title='bbox 1202 2693 1326 2778; x_wconf 78' lang='lat' dir='ltr'><strong>generis</strong></span> <span class='ocrx_word' id='word_1_223' title='bbox 1339 2717 1376 2758; x_wconf 85' lang='lat' dir='ltr'><strong>ex</strong></span> 
     </span>
     <span class='ocr_line' id='line_1_28' title="bbox 332 2776 1377 2867; baseline 0.002 -25"><span class='ocrx_word' id='word_1_224' title='bbox 332 2777 563 2867; x_wconf 89' lang='lat' dir='ltr'><strong>antiquioribus</strong></span> <span class='ocrx_word' id='word_1_225' title='bbox 584 2792 775 2854; x_wconf 78' lang='lat' dir='ltr'><strong>servassent3</strong></span> <span class='ocrx_word' id='word_1_226' title='bbox 798 2791 872 2842; x_wconf 90' lang='lat' dir='ltr'><strong>sunt</strong></span> <span class='ocrx_word' id='word_1_227' title='bbox 893 2790 997 2842; x_wconf 89' lang='lat' dir='ltr'><strong>tamen</strong></span> <span class='ocrx_word' id='word_1_228' title='bbox 1011 2777 1061 2841; x_wconf 90' lang='lat' dir='ltr'><strong>vel</strong></span> <span class='ocrx_word' id='word_1_229' title='bbox 1081 2776 1124 2841; x_wconf 88' lang='lat' dir='ltr'><strong>sio</strong></span> <span class='ocrx_word' id='word_1_230' title='bbox 1143 2777 1176 2841; x_wconf 92' lang='lat' dir='ltr'><strong>in</strong></span> <span class='ocrx_word' id='word_1_231' title='bbox 1196 2779 1377 2867; x_wconf 86' lang='lat' dir='ltr'><strong>antiquiori-</strong></span> 
     </span>
     <span class='ocr_line' id='line_1_29' title="bbox 330 2863 1376 2951; baseline 0.001 -21"><span class='ocrx_word' id='word_1_232' title='bbox 330 2864 393 2930; x_wconf 87' lang='lat' dir='ltr'><strong>bus</strong></span> <span class='ocrx_word' id='word_1_233' title='bbox 408 2880 440 2931; x_wconf 89' lang='lat' dir='ltr'><strong>et</strong></span> <span class='ocrx_word' id='word_1_234' title='bbox 449 2865 634 2930; x_wconf 82' lang='lat' dir='ltr'><strong>melioribus</strong></span> <span class='ocrx_word' id='word_1_235' title='bbox 647 2865 777 2930; x_wconf 89' lang='lat' dir='ltr'><strong>Scholiis</strong></span> <span class='ocrx_word' id='word_1_236' title='bbox 791 2864 908 2944; x_wconf 82' lang='lat' dir='ltr'><strong>multa,</strong></span> <span class='ocrx_word' id='word_1_237' title='bbox 914 2887 1000 2951; x_wconf 86' lang='lat' dir='ltr'><strong>quae</strong></span> <span class='ocrx_word' id='word_1_238' title='bbox 1010 2863 1087 2928; x_wconf 89' lang='lat' dir='ltr'><strong>mihi</strong></span> <span class='ocrx_word' id='word_1_239' title='bbox 1101 2887 1141 2936; x_wconf 73' lang='lat' dir='ltr'><strong>ex</strong></span> <span class='ocrx_word' id='word_1_240' title='bbox 1155 2863 1376 2931; x_wconf 82' lang='lat' dir='ltr'><strong>iisinnotuisse</strong></span> 
     </span>
     <span class='ocr_line' id='line_1_30' title="bbox 332 2950 1377 3038; baseline 0.004 -23"><span class='ocrx_word' id='word_1_241' title='bbox 332 2950 466 3018; x_wconf 86' lang='lat' dir='ltr'><strong>laetatus</strong></span> <span class='ocrx_word' id='word_1_242' title='bbox 488 2976 576 3028; x_wconf 90' lang='lat' dir='ltr'><strong>sum;</strong></span> <span class='ocrx_word' id='word_1_243' title='bbox 601 2975 701 3038; x_wconf 84' lang='lat' dir='ltr'><strong>eaque</strong></span> <span class='ocrx_word' id='word_1_244' title='bbox 723 2952 887 3015; x_wconf 88' lang='lat' dir='ltr'><strong>observata</strong></span> <span class='ocrx_word' id='word_1_245' title='bbox 907 2950 1045 3016; x_wconf 86' lang='lat' dir='ltr'><strong>laborem</strong></span> <span class='ocrx_word' id='word_1_246' title='bbox 1070 2973 1135 3015; x_wconf 92' lang='lat' dir='ltr'><strong>non</strong></span> <span class='ocrx_word' id='word_1_247' title='bbox 1158 2974 1273 3037; x_wconf 87' lang='lat' dir='ltr'><strong>parum</strong></span> <span class='ocrx_word' id='word_1_248' title='bbox 1287 2953 1377 3018; x_wconf 40' lang='lat' dir='ltr'><strong>,leva-</strong></span> 
     </span>
     <span class='ocr_line' id='line_1_31' title="bbox 332 3036 1379 3125; baseline 0.002 -21"><span class='ocrx_word' id='word_1_249' title='bbox 332 3051 418 3118; x_wconf 90' lang='lat' dir='ltr'><strong>runt,</strong></span> <span class='ocrx_word' id='word_1_250' title='bbox 435 3051 467 3104; x_wconf 89' lang='lat' dir='ltr'><strong>et</strong></span> <span class='ocrx_word' id='word_1_251' title='bbox 480 3038 733 3104; x_wconf 84' lang='lat' dir='ltr'><strong>observationum</strong></span> <span class='ocrx_word' id='word_1_252' title='bbox 747 3059 887 3102; x_wconf 85' lang='lat' dir='ltr'><strong>mearum</strong></span> <span class='ocrx_word' id='word_1_253' title='bbox 902 3049 1024 3125; x_wconf 91' lang='lat' dir='ltr'><strong>partem</strong></span> <span class='ocrx_word' id='word_1_254' title='bbox 1038 3037 1119 3102; x_wconf 88' lang='lat' dir='ltr'><strong>forte</strong></span> <span class='ocrx_word' id='word_1_255' title='bbox 1133 3036 1293 3103; x_wconf 87' lang='lat' dir='ltr'><strong>meliorem</strong></span> <span class='ocrx_word' id='word_1_256' title='bbox 1308 3065 1379 3106; x_wconf 86' lang='lat' dir='ltr'><strong>con-</strong></span> 
     </span>
     <span class='ocr_line' id='line_1_32' title="bbox 333 3123 1379 3211; baseline 0.002 -21"><span class='ocrx_word' id='word_1_257' title='bbox 333 3124 478 3190; x_wconf 79' lang='lat' dir='ltr'><strong>stituunt</strong></span> <span class='ocrx_word' id='word_1_258' title='bbox 525 3127 608 3189; x_wconf 90' lang='lat' dir='ltr'><strong>Sunt</strong></span> <span class='ocrx_word' id='word_1_259' title='bbox 622 3125 654 3188; x_wconf 92' lang='lat' dir='ltr'><strong>in</strong></span> <span class='ocrx_word' id='word_1_260' title='bbox 668 3123 717 3188; x_wconf 90' lang='lat' dir='ltr'><strong>his</strong></span> <span class='ocrx_word' id='word_1_261' title='bbox 731 3124 800 3188; x_wconf 87' lang='lat' dir='ltr'><strong>loca</strong></span> <span class='ocrx_word' id='word_1_262' title='bbox 813 3147 849 3187; x_wconf 91' lang='lat' dir='ltr'><strong>ac</strong></span> <span class='ocrx_word' id='word_1_263' title='bbox 862 3123 1038 3211; x_wconf 82' lang='lat' dir='ltr'><strong>fragmenta</strong></span> <span class='ocrx_word' id='word_1_264' title='bbox 1051 3147 1223 3210; x_wconf 75' lang='lat' dir='ltr'><strong>versusque</strong></span> <span class='ocrx_word' id='word_1_265' title='bbox 1240 3149 1281 3190; x_wconf 86' lang='lat' dir='ltr'><strong>ex</strong></span> <span class='ocrx_word' id='word_1_266' title='bbox 1301 3127 1379 3192; x_wconf 87' lang='lat' dir='ltr'><strong>anti-</strong></span> 
     </span>
     <span class='ocr_line' id='line_1_33' title="bbox 332 3209 1377 3299; baseline 0.003 -23"><span class='ocrx_word' id='word_1_267' title='bbox 332 3211 488 3299; x_wconf 88' lang='lat' dir='ltr'><strong>quissimis</strong></span> <span class='ocrx_word' id='word_1_268' title='bbox 503 3234 545 3296; x_wconf 18' lang='lat' dir='ltr'><strong>vac</strong></span> <span class='ocrx_word' id='word_1_269' title='bbox 567 3210 737 3299; x_wconf 90' lang='lat' dir='ltr'><strong>deperditis</strong></span> <span class='ocrx_word' id='word_1_270' title='bbox 758 3209 938 3274; x_wconf 86' lang='lat' dir='ltr'><strong>auctoribus</strong></span> <span class='ocrx_word' id='word_1_271' title='bbox 959 3209 1059 3274; x_wconf 88' lang='lat' dir='ltr'><strong>adseri</strong></span> <span class='ocrx_word' id='word_1_272' title='bbox 1080 3209 1115 3274; x_wconf 83' lang='lat' dir='ltr'><strong>ti.</strong></span> <span class='ocrx_word' id='word_1_273' title='bbox 1161 3211 1250 3276; x_wconf 90' lang='lat' dir='ltr'><strong>Male</strong></span> <span class='ocrx_word' id='word_1_274' title='bbox 1272 3213 1377 3293; x_wconf 89' lang='lat' dir='ltr'><strong>habet,</strong></span> 
     </span>
     <span class='ocr_line' id='line_1_34' title="bbox 333 3233 1379 3385; baseline 0.004 -24"><span class='ocrx_word' id='word_1_275' title='bbox 333 3297 421 3385; x_wconf 91' lang='lat' dir='ltr'><strong>quod</strong></span> <span class='ocrx_word' id='word_1_276' title='bbox 434 3297 468 3368; x_wconf 89' lang='lat' dir='ltr'><strong>in</strong></span> <span class='ocrx_word' id='word_1_277' title='bbox 485 3297 602 3384; x_wconf 90' lang='lat' dir='ltr'><strong>mythis</strong></span> <span class='ocrx_word' id='word_1_278' title='bbox 622 3296 802 3374; x_wconf 87' lang='lat' dir='ltr'><strong>enarrandis</strong></span> <span class='ocrx_word' id='word_1_279' title='bbox 823 3296 1017 3384; x_wconf 84' lang='lat' dir='ltr'><strong>grammatici</strong></span> <span class='ocrx_word' id='word_1_280' title='bbox 1037 3233 1224 3384; x_wconf 69' lang='lat' dir='ltr'><strong>pierumque</strong></span> <span class='ocrx_word' id='word_1_281' title='bbox 1239 3323 1293 3364; x_wconf 90' lang='lat' dir='ltr'><strong>eos</strong></span> <span class='ocrx_word' id='word_1_282' title='bbox 1308 3301 1379 3364; x_wconf 89' lang='lat' dir='ltr'><strong>scri-</strong></span> 
     </span>
     <span class='ocr_line' id='line_1_35' title="bbox 332 3382 1379 3533; baseline 0.006 -87"><span class='ocrx_word' id='word_1_283' title='bbox 332 3395 438 3471; x_wconf 88' lang='lat' dir='ltr'><strong>ptores</strong></span> <span class='ocrx_word' id='word_1_284' title='bbox 453 3383 579 3482; x_wconf 89' lang='lat' dir='ltr'><strong>sequuti</strong></span> <span class='ocrx_word' id='word_1_285' title='bbox 593 3396 678 3463; x_wconf 89' lang='lat' dir='ltr'><strong>sunt,</strong></span> <span class='ocrx_word' id='word_1_286' title='bbox 693 3383 750 3470; x_wconf 92' lang='lat' dir='ltr'><strong>qui</strong></span> <span class='ocrx_word' id='word_1_287' title='bbox 764 3382 926 3533; x_wconf 53' lang='lat' dir='ltr'><strong>allefiorice</strong></span> <span class='ocrx_word' id='word_1_288' title='bbox 940 3383 1063 3448; x_wconf 86' lang='lat' dir='ltr'><strong>fabulas</strong></span> <span class='ocrx_word' id='word_1_289' title='bbox 1077 3399 1296 3484; x_wconf 86' lang='lat' dir='ltr'><strong>exposuerant.</strong></span> <span class='ocrx_word' id='word_1_290' title='bbox 1325 3389 1379 3452; x_wconf 91' lang='lat' dir='ltr'><strong>In-</strong></span> 
     </span>
     <span class='ocr_line' id='line_1_36' title="bbox 333 3469 1377 3558; baseline 0.003 -24"><span class='ocrx_word' id='word_1_291' title='bbox 333 3482 408 3557; x_wconf 90' lang='lat' dir='ltr'><strong>epta</strong></span> <span class='ocrx_word' id='word_1_292' title='bbox 421 3491 548 3534; x_wconf 90' lang='lat' dir='ltr'><strong>ommno</strong></span> <span class='ocrx_word' id='word_1_293' title='bbox 557 3481 610 3549; x_wconf 40' lang='lat' dir='ltr'><strong>,est</strong></span> <span class='ocrx_word' id='word_1_294' title='bbox 625 3494 645 3534; x_wconf 97' lang='lat' dir='ltr'><strong>o</strong></span> <span class='ocrx_word' id='word_1_295' title='bbox 668 3491 721 3534; x_wconf 87' lang='lat' dir='ltr'><strong>era</strong></span> <span class='ocrx_word' id='word_1_296' title='bbox 743 3470 826 3534; x_wconf 90' lang='lat' dir='ltr'><strong>Scho</strong></span> <span class='ocrx_word' id='word_1_297' title='bbox 848 3491 939 3533; x_wconf 90' lang='lat' dir='ltr'><strong>orum</strong></span> <span class='ocrx_word' id='word_1_298' title='bbox 954 3469 1031 3534; x_wconf 89' lang='lat' dir='ltr'><strong>Ven.</strong></span> <span class='ocrx_word' id='word_1_299' title='bbox 1049 3471 1086 3536; x_wconf 91' lang='lat' dir='ltr'><strong>B.</strong></span> <span class='ocrx_word' id='word_1_300' title='bbox 1103 3493 1235 3558; x_wconf 71' lang='lat' dir='ltr'><strong>ejusque</strong></span> <span class='ocrx_word' id='word_1_301' title='bbox 1249 3473 1377 3554; x_wconf 87' lang='lat' dir='ltr'><strong>ordinis,</strong></span> 
     </span>
     <span class='ocr_line' id='line_1_37' title="bbox 324 3493 1379 3656; baseline 0.004 -36"><span class='ocrx_word' id='word_1_302' title='bbox 324 3555 366 3621; x_wconf 49' lang='lat' dir='ltr'><strong>*in</strong></span> <span class='ocrx_word' id='word_1_303' title='bbox 387 3555 504 3644; x_wconf 91' lang='lat' dir='ltr'><strong>quibus</strong></span> <span class='ocrx_word' id='word_1_304' title='bbox 525 3579 607 3656; x_wconf 86' lang='lat' dir='ltr'><strong>quae</strong></span> <span class='ocrx_word' id='word_1_305' title='bbox 628 3493 806 3622; x_wconf 68' lang='lat' dir='ltr'><strong>bieraclidis</strong></span> <span class='ocrx_word' id='word_1_306' title='bbox 826 3555 951 3620; x_wconf 90' lang='lat' dir='ltr'><strong>nomine</strong></span> <span class='ocrx_word' id='word_1_307' title='bbox 972 3555 1069 3643; x_wconf 80' lang='lat' dir='ltr'><strong>vulgo</strong></span> <span class='ocrx_word' id='word_1_308' title='bbox 1086 3557 1228 3636; x_wconf 84' lang='lat' dir='ltr'><strong>veniunt,</strong></span> <span class='ocrx_word' id='word_1_309' title='bbox 1249 3558 1379 3648; x_wconf 90' lang='lat' dir='ltr'><strong>Allego-</strong></span> 
     </span>
     <span class='ocr_line' id='line_1_38' title="bbox 324 3641 1376 3744; baseline 0.004 -38"><span class='ocrx_word' id='word_1_310' title='bbox 324 3641 397 3708; x_wconf 89' lang='lat' dir='ltr'><strong>·riae</strong></span> <span class='ocrx_word' id='word_1_311' title='bbox 412 3644 600 3708; x_wconf 86' lang='lat' dir='ltr'><strong>Homerrcae</strong></span> <span class='ocrx_word' id='word_1_312' title='bbox 615 3655 689 3708; x_wconf 91' lang='lat' dir='ltr'><strong>sunt</strong></span> <span class='ocrx_word' id='word_1_313' title='bbox 709 3643 870 3744; x_wconf 85' lang='lat' dir='ltr'><strong>repetitae,</strong></span> <span class='ocrx_word' id='word_1_314' title='bbox 886 3655 918 3707; x_wconf 91' lang='lat' dir='ltr'><strong>et</strong></span> <span class='ocrx_word' id='word_1_315' title='bbox 933 3642 1113 3732; x_wconf 85' lang='lat' dir='ltr'><strong>Porphyrii,</strong></span> <span class='ocrx_word' id='word_1_316' title='bbox 1127 3642 1161 3706; x_wconf 92' lang='lat' dir='ltr'><strong>in</strong></span> <span class='ocrx_word' id='word_1_317' title='bbox 1175 3642 1250 3709; x_wconf 84' lang='lat' dir='ltr'><strong>loeis</strong></span> <span class='ocrx_word' id='word_1_318' title='bbox 1264 3648 1376 3712; x_wconf 90' lang='lat' dir='ltr'><strong>a·Ven.</strong></span> 
     </span>
     <span class='ocr_line' id='line_1_39' title="bbox 326 3729 1377 3817; baseline 0.005 -24"><span class='ocrx_word' id='word_1_319' title='bbox 326 3729 372 3794; x_wconf 86' lang='lat' dir='ltr'><strong>B.</strong></span> <span class='ocrx_word' id='word_1_320' title='bbox 387 3729 549 3817; x_wconf 85' lang='lat' dir='ltr'><strong>excerptis.</strong></span> <span class='ocrx_word' id='word_1_321' title='bbox 594 3733 679 3796; x_wconf 90' lang='lat' dir='ltr'><strong>Nam</strong></span> <span class='ocrx_word' id='word_1_322' title='bbox 705 3730 882 3808; x_wconf 77' lang='lat' dir='ltr'><strong>senonibus,</strong></span> <span class='ocrx_word' id='word_1_323' title='bbox 908 3729 1031 3817; x_wconf 91' lang='lat' dir='ltr'><strong>ipsique</strong></span> <span class='ocrx_word' id='word_1_324' title='bbox 1055 3730 1236 3809; x_wconf 87' lang='lat' dir='ltr'><strong>Eustathio,</strong></span> <span class='ocrx_word' id='word_1_325' title='bbox 1263 3732 1297 3796; x_wconf 94' lang='lat' dir='ltr'><strong>in</strong></span> <span class='ocrx_word' id='word_1_326' title='bbox 1320 3733 1377 3798; x_wconf 86' lang='lat' dir='ltr'><strong>hac</strong></span> 
     </span>
     <span class='ocr_line' id='line_1_40' title="bbox 332 3815 1376 3905; baseline 0.004 -25"><span class='ocrx_word' id='word_1_327' title='bbox 332 3827 433 3904; x_wconf 83' lang='lat' dir='ltr'><strong>parte,</strong></span> <span class='ocrx_word' id='word_1_328' title='bbox 448 3816 576 3882; x_wconf 89' lang='lat' dir='ltr'><strong>omnino</strong></span> <span class='ocrx_word' id='word_1_329' title='bbox 596 3840 710 3905; x_wconf 89' lang='lat' dir='ltr'><strong>parum</strong></span> <span class='ocrx_word' id='word_1_330' title='bbox 731 3830 788 3882; x_wconf 87' lang='lat' dir='ltr'><strong>aut</strong></span> <span class='ocrx_word' id='word_1_331' title='bbox 806 3816 885 3881; x_wconf 86' lang='lat' dir='ltr'><strong>nihil</strong></span> <span class='ocrx_word' id='word_1_332' title='bbox 906 3816 1030 3892; x_wconf 90' lang='lat' dir='ltr'><strong>tribuo;</strong></span> <span class='ocrx_word' id='word_1_333' title='bbox 1054 3815 1311 3904; x_wconf 90' lang='lat' dir='ltr'><strong>quandoquidem</strong></span> <span class='ocrx_word' id='word_1_334' title='bbox 1325 3819 1376 3884; x_wconf 89' lang='lat' dir='ltr'><strong>ille</strong></span> 
     </span>
     <span class='ocr_line' id='line_1_41' title="bbox 323 3902 1376 4004; baseline 0.003 -37"><span class='ocrx_word' id='word_1_335' title='bbox 323 3902 483 3991; x_wconf 60' lang='lat' dir='ltr'><strong>‘vulgaria</strong></span> <span class='ocrx_word' id='word_1_336' title='bbox 495 3917 552 3969; x_wconf 88' lang='lat' dir='ltr'><strong>aut</strong></span> <span class='ocrx_word' id='word_1_337' title='bbox 573 3916 689 3969; x_wconf 88' lang='lat' dir='ltr'><strong>temere</strong></span> <span class='ocrx_word' id='word_1_338' title='bbox 709 3915 834 3990; x_wconf 88' lang='lat' dir='ltr'><strong>arrepta</strong></span> <span class='ocrx_word' id='word_1_339' title='bbox 855 3916 887 3967; x_wconf 90' lang='lat' dir='ltr'><strong>et</strong></span> <span class='ocrx_word' id='word_1_340' title='bbox 907 3916 1065 3990; x_wconf 87' lang='lat' dir='ltr'><strong>congesta,</strong></span> <span class='ocrx_word' id='word_1_341' title='bbox 1080 3903 1203 3990; x_wconf 89' lang='lat' dir='ltr'><strong>quoties</strong></span> <span class='ocrx_word' id='word_1_342' title='bbox 1221 3904 1376 4004; x_wconf 70' lang='lat' dir='ltr'><strong>mytholo-</strong></span> 
     </span>
     <span class='ocr_line' id='line_1_42' title="bbox 323 3988 1374 4078; baseline 0.003 -24"><span class='ocrx_word' id='word_1_343' title='bbox 323 3989 402 4078; x_wconf 58' lang='lat' dir='ltr'><strong>fgica</strong></span> <span class='ocrx_word' id='word_1_344' title='bbox 415 3990 530 4078; x_wconf 88' lang='lat' dir='ltr'><strong>attigit,</strong></span> <span class='ocrx_word' id='word_1_345' title='bbox 546 3989 710 4078; x_wconf 89' lang='lat' dir='ltr'><strong>apposuit;</strong></span> <span class='ocrx_word' id='word_1_346' title='bbox 734 3990 822 4077; x_wconf 93' lang='lat' dir='ltr'><strong>quod</strong></span> <span class='ocrx_word' id='word_1_347' title='bbox 844 3988 1036 4068; x_wconf 85' lang='lat' dir='ltr'><strong>notitiarum,</strong></span> <span class='ocrx_word' id='word_1_348' title='bbox 1052 4013 1070 4054; x_wconf 92' lang='lat' dir='ltr'><strong>e</strong></span> <span class='ocrx_word' id='word_1_349' title='bbox 1085 3989 1177 4054; x_wconf 87' lang='lat' dir='ltr'><strong>trivio</strong></span> <span class='ocrx_word' id='word_1_350' title='bbox 1194 4003 1374 4078; x_wconf 80' lang='lat' dir='ltr'><strong>petitarum,</strong></span> 
     </span>
     <span class='ocr_line' id='line_1_43' title="bbox 322 4075 1376 4164; baseline 0.003 -23"><span class='ocrx_word' id='word_1_351' title='bbox 322 4076 374 4141; x_wconf 64' lang='lat' dir='ltr'><strong>:ad</strong></span> <span class='ocrx_word' id='word_1_352' title='bbox 390 4089 515 4164; x_wconf 84' lang='lat' dir='ltr'><strong>poetam</strong></span> <span class='ocrx_word' id='word_1_353' title='bbox 534 4076 814 4164; x_wconf 86' lang='lat' dir='ltr'><strong>recoquendarum,</strong></span> <span class='ocrx_word' id='word_1_354' title='bbox 831 4075 971 4141; x_wconf 88' lang='lat' dir='ltr'><strong>studium</strong></span> <span class='ocrx_word' id='word_1_355' title='bbox 990 4077 1080 4140; x_wconf 91' lang='lat' dir='ltr'><strong>nobis</strong></span> <span class='ocrx_word' id='word_1_356' title='bbox 1099 4088 1261 4164; x_wconf 88' lang='lat' dir='ltr'><strong>tantopere</strong></span> <span class='ocrx_word' id='word_1_357' title='bbox 1283 4079 1376 4144; x_wconf 91' lang='lat' dir='ltr'><strong>mole-</strong></span> 
     </span>
     <span class='ocr_line' id='line_1_44' title="bbox 322 4163 1373 4264; baseline 0 -36"><span class='ocrx_word' id='word_1_358' title='bbox 322 4175 416 4228; x_wconf 87' lang='lat' dir='ltr'><strong>·stum</strong></span> <span class='ocrx_word' id='word_1_359' title='bbox 433 4164 530 4228; x_wconf 91' lang='lat' dir='ltr'><strong>abeo</strong></span> <span class='ocrx_word' id='word_1_360' title='bbox 552 4176 692 4252; x_wconf 86' lang='lat' dir='ltr'><strong>tempore</strong></span> <span class='ocrx_word' id='word_1_361' title='bbox 712 4163 921 4228; x_wconf 81' lang='lat' dir='ltr'><strong>increbescere</strong></span> <span class='ocrx_word' id='word_1_362' title='bbox 943 4186 1065 4227; x_wconf 88' lang='lat' dir='ltr'><strong>necesse</strong></span> <span class='ocrx_word' id='word_1_363' title='bbox 1086 4173 1163 4242; x_wconf 90' lang='lat' dir='ltr'><strong>erat,</strong></span> <span class='ocrx_word' id='word_1_364' title='bbox 1202 4188 1245 4228; x_wconf 87' lang='lat' dir='ltr'><strong>uo</strong></span> <span class='ocrx_word' id='word_1_365' title='bbox 1259 4166 1373 4264; x_wconf 81' lang='lat' dir='ltr'><strong>pueris,</strong></span> 
     </span>
     <span class='ocr_line' id='line_1_45' title="bbox 324 4249 1375 4339; baseline 0.002 -25"><span class='ocrx_word' id='word_1_366' title='bbox 324 4249 524 4338; x_wconf 42' lang='lat' dir='ltr'><strong>v-utpatriam</strong></span> <span class='ocrx_word' id='word_1_367' title='bbox 545 4249 691 4339; x_wconf 84' lang='lat' dir='ltr'><strong>linguam.</strong></span> <span class='ocrx_word' id='word_1_368' title='bbox 707 4249 912 4330; x_wconf 87' lang='lat' dir='ltr'><strong>addiscerent,</strong></span> <span class='ocrx_word' id='word_1_369' title='bbox 939 4249 1125 4338; x_wconf 85' lang='lat' dir='ltr'><strong>cui-lingua</strong></span> <span class='ocrx_word' id='word_1_370' title='bbox 1146 4273 1190 4314; x_wconf 87' lang='lat' dir='ltr'><strong>vu</strong></span> <span class='ocrx_word' id='word_1_371' title='bbox 1272 4275 1286 4317; x_wconf 89' lang='lat' dir='ltr'><strong>s</strong></span> <span class='ocrx_word' id='word_1_372' title='bbox 1310 4275 1375 4319; x_wconf 88' lang='lat' dir='ltr'><strong>cor·</strong></span> 
     </span>
    </p>
   </div>
   <div class='ocr_carea' id='block_1_5' title="bbox 0 0 1504 5052">
    <p class='ocr_par' dir='ltr' id='par_1_6' title="bbox 0 0 1504 5052">
     <span class='ocr_line' id='line_1_46' title="bbox 0 0 1504 5052; baseline 0 0"><span class='ocrx_word' id='word_1_373' title='bbox 0 0 1504 5052; x_wconf 95' lang='lat' dir='ltr'><strong> </strong></span> 
     </span>
    </p>
   </div>
  </div>
 </body>
</html>
