2998 5052
318 351 396 424 ma
694 343 987 418 HERMANNI

320 523 455 590 maxime
474 521 622 586 affirmari
641 519 869 608 intelligantur,
889 520 934 584 ita
950 517 1033 586 idem
1050 515 1180 584 Graecis
1193 515 1225 582 in
1241 517 1372 582 con'un-

321 609 404 675 etivo
418 609 562 674 videmus
576 606 739 692 placuisse.
785 608 907 694 Itaque.
913 627 1016 692 quum
1037 603 1119 686 lopo
1134 603 1262 691 proprie
1282 541 1374 670 dirbi·

323 696 417 762 trntis
430 708 521 776 esset,
535 694 650 760 deinde
664 695 706 759 ad
724 693 975 758 adhortationem
996 691 1158 760 decretum
1181 713 1222 756 ue
1243 688 1373 757 transla

322 796 391 846 turn
406 795 461 848 est.
507 781 632 848 Eodem
647 780 744 868 igitur
756 778 853 858 modo
867 778 900 844 in
922 777 977 844 illa
994 779 1154 866 conjectur
1186 776 1192 789 '
1218 775 1374 864 significa-

186 887 190 904 ·
322 867 406 934 tione
420 868 523 955 primo
537 867 691 934 incertum
705 865 891 954 intelligitur
905 863 1062 932 futurum.
1109 862 1322 931 Telemachus
1341 863 1373 928 in

322 952 425 1041 primo
450 954 531 1018 libro
549 953 725 1040 Odysseae,
746 951 802 1020 ubi
826 973 890 1016 non
915 951 1059 1018 affectare
1079 973 1112 1016 se
1128 971 1263 1048 regnum
1284 947 1374 1026 dicit.

322 1039 470 1125 qnoniam
492 1039 585 1106 multi
603 1039 665 1105 sint
684 1039 717 1102 in
733 1038 846 1104 Ithaca
859 1036 918 1102 viri
930 1037 1055 1148 penatis
1074 1036 1236 1104 nobihtate
1250 1035 1374 1122 conspi-

323 1125 385 1205 cui,
402 1125 528 1225 subjicit
538 1149 570 1190 v.
579 1123 656 1196 396.
671 1134 725 1190 τῶν
740 1121 787 1188 κέν
801 1151 844 1200 τις
857 1124 912 1188 τόδ’
928 1149 1038 1210 οχῃτιν,
1054 1124 1110 1186 test
1126 1122 1186 1186 θάνε
1200 1125 1254 1196 δῖος
1268 1123 1374 1188 Ὀδυσ-

323 1212 395 1288 ιτιθς.
433 1215 486 1278 Sto
496 1212 594 1278 etiam
609 1218 645 1276 A.
661 1211 735 1282 691.
750 1214 768 1290 ἦ
781 1213 806 1276 τ’
822 1211 883 1274 ἐστὶ
899 1209 958 1286 δίκη
977 1207 1051 1276 θνθιον
1069 1209 1226 1289 βασιλήων,
1235 1206 1332 1272 ἄλλον
1347 1209 1373 1272 κ’

323 1302 335 1360 i
362 1297 469 1386 daippus
490 1302 609 1384 βροτῶν,
628 1296 718 1362 ἄλλον
741 1324 772 1362 αι
793 1293 893 1380 φιλοίη.
939 1295 1021 1360 Vide
1035 1295 1077 1361 Il.
1093 1300 1128 1358 Β.
1145 1297 1218 1360 488.
1257 1293 1321 1360 Od.
1338 1300 1373 1360 B.

325 1323 398 1450 333.
422 1392 459 1448 Δ.
475 1388 549 1450 340.
572 1389 612 1450 Ν.
628 1385 702 1450 315.
749 1379 916 1450 Interdum
938 1404 1018 1469 pene
1040 1379 1119 1446 nihil
1132 1404 1153 1444 a
1170 1379 1303 1468 simplici
1325 1381 1376 1446 fu.

322 1483 396 1536 turo
414 1471 531 1550 differt,
547 1481 585 1538 ut
603 1469 645 1538 ΙΙ.
661 1477 702 1540 11.
719 1471 793 1540 139.
817 1468 879 1534 0d.
895 1474 940 1535 M.
957 1471 1031 1536 333.
1077 1466 1141 1538 Sed
1162 1489 1254 1555 saepe
1275 1466 1376 1534 habet

323 1557 484 1624 fortiorem
499 1556 670 1645 quamdam
684 1555 748 1622 vim
767 1578 804 1620 ec
821 1555 979 1635 futurum,
997 1553 1042 1620 ita
1063 1567 1101 1624 ut
1118 1552 1211 1620 etiam
1226 1577 1247 1622 a
1263 1553 1376 1622 futuro

323 1640 555 1730 distinguatur;
580 1642 798 1712 01111437.
820 1646 871 1706 oda
894 1641 949 1706 ἔσθ’
971 1640 1048 1715 οὗτος
1069 1643 1147 1728 ἀνὴρ,
1170 1641 1222 1704 ott
1246 1640 1375 1718 ἔσσεται,

326 1729 385 1792 οὐδὲ
399 1731 524 1815 γένηται.
570 1728 756 1796 Gennanioe
775 1727 870 1806 dicas,
887 1730 943 1793 des
954 1728 994 1794 itt
1011 1728 1106 1805 nictu,
1121 1728 1185 1790 aad
1198 1727 1276 1794 wird
1289 1727 1374 1794 nicht

324 1835 408 1898 scyti,
426 1818 490 1880 aud
510 1816 567 1882 soll
585 1815 669 1882 nictu
685 1837 767 1900 sepa
814 1813 963 1882 Similiter
976 1816 1012 1877 Z.
1029 1815 1113 1878 eol:
1125 1817 1171 1876 M.
1188 1812 1262 1882 191.
1310 1812 1373 1878 Sed

324 1899 511 1988 plerumque
526 1900 665 1969 mollitur
678 1899 960 1988 haecsignificatio,
971 1910 1009 1966 ut
1019 1894 1201 1964 dubitdnter
1215 1897 1376 1990 loquendo

328 1985 469 2052 affirmes.
510 1987 549 2054 Il.
566 1993 606 2052 Ο.
621 1989 694 2057 349.
711 1992 795 2054 αὐτοῦ
810 1993 834 2052 οἳ
848 1987 963 2054 θάνατον
976 1984 1146 2068 μητίσομαι,
1160 1985 1219 2050 otti
1234 2013 1263 2050 νο
1278 1983 1375 2070 τθνγο
1487 2007 1488 2028 ¹

326 2073 428 2154 γνατοθ
442 2100 473 2137 τε
488 2075 597 2158 γνωταί
611 2101 642 2142 τι
656 2075 737 2158 τορὸς
758 2071 908 2157 λελάχωσι
930 2071 1056 2151 θανόντα,
1071 2075 1152 2140 ἀλλὰ
1172 2071 1249 2169 κόνις
1269 2076 1281 2134 ἐ
1303 2071 1376 2169 ,ὀντι
1487 2107 1488 2134 ι

328 2157 378 2257 api
401 2157 500 2233 ἄστεος
522 2159 679 2246 ἡμετέροισι
704 2157 792 2245 quod
812 2157 922 2224 eadem
943 2159 1047 2257 figura
1069 2159 1257 2223 Germanice
1279 2098 1316 2222 31

327 2263 372 2310 aa
385 2245 480 2310 sollers
492 2245 546 2308 ilos
558 2246 637 2310 wohl
650 2245 730 2308 nicht
746 2245 903 2310 bestotten.
951 2247 1001 2315 Sic
1015 2267 1090 2308 vero
1103 2242 1183 2308 illud
1201 2243 1375 2330 intelligen-

327 2328 406 2394 dum
419 2343 478 2411 est,
495 2329 608 2398 ἔσσεται
622 2329 709 2415 ἦμαρ,
724 2329 764 2394 ὅτ’
783 2325 818 2396 ἄν
832 2333 893 2394 τοτ’
909 2330 1001 2406 θλιθλη
1014 2329 1101 2404 Ἴλιος
1117 2331 1169 2414 ipit,
1186 2330 1226 2396 11.
1244 2337 1283 2395 Δ.
1300 2329 1372 2396 164.

326 2419 361 2482 Ζ.
379 2419 454 2482 448.
470 2431 507 2484 ut
521 2441 561 2482 ex
575 2418 679 2506 priore
696 2416 894 2506 potissimum
906 2414 975 2484 loco
987 2401 1185 2502 intelligitur.
1230 2415 1309 2484 Alia
1321 2431 1373 2484 et-

325 2502 429 2590 empla
442 2503 515 2570 vide
530 2503 569 2568 Il.
586 2510 620 2568 Γ.
636 2505 689 2570 54.
703 2502 775 2572 417.
798 2509 836 2568 Λ.
848 2502 922 2569 386.
936 2505 1008 2568 431.
1032 2505 1071 2570 Ξ.
1085 2501 1158 2568 335.
1182 2505 1219 2566 2.
1234 2505 1311 2568 308.
1333 2507 1373 2566 Χ.

327 2591 402 2653 344.
418 2593 492 2660 505.
531 2591 593 2656 Od.
611 2596 647 2653 A.
664 2593 737 2661 389.
761 2595 803 2656 K.
819 2590 893 2656 507.
917 2593 955 2658 Σ.
970 2587 1043 2654 255.
1091 2588 1141 2656 Sic
1159 2588 1260 2676 possis
1280 2589 1370 2656 etiam

202 2713 206 2720 ·
325 2673 498 2764 intelligere
513 2675 540 2752 ὅς
555 2702 602 2744 κεν
620 2674 679 2763 ἔῃσι
699 2689 732 2741 et
751 2671 863 2743 similia
883 2676 924 2742 Il.
940 2682 977 2744 B.
993 2675 1069 2742 365.
1090 2681 1127 2740 Ψ.
1143 2678 1218 2742 344.
1257 2676 1318 2744 Od.
1334 2682 1370 2740 A.

325 2759 399 2828 756.
457 2821 460 2826 .

368 2849 561 2914 Perventum
584 2848 694 2914 estad
714 2849 900 2937 optativum.
947 2847 1011 2914 Hic
1033 2848 1147 2914 modus
1164 2849 1317 2935 quonism
1336 2871 1372 2914 ea
1485 2843 1486 2872 ³

324 2933 452 3013 indicat,
467 2957 550 3086 <ppos
564 2933 598 3002 in
618 2933 685 3004 sola.
704 2935 891 3022 cogitatione
913 2933 1014 3020 posita
1035 2948 1121 3013 sunt,
1135 2957 1192 3022 per
1206 2957 1241 2998 se
1254 2934 1373 3000 nullam

325 3019 452 3088 omnino
498 3021 571 3086 abet
596 3021 745 3107 temporis
770 3020 1036 3108 significationem,
1059 3020 1114 3087 sed
1135 3044 1196 3108 pro
1215 3021 1372 3108 cujusque

325 3105 385 3172 loci
400 3106 576 3172 conditione
591 3107 642 3170 vel
655 3107 697 3171 ad
710 3107 915 3194 praeteritum
930 3121 1066 3195 tempus,
1077 3105 1130 3172 -vel
1150 3107 1192 3172 ad
1214 3130 1372 3194 praesens.

326 3192 374 3255 vel
390 3193 432 3256 ad
446 3194 592 3259 futurum
607 3193 749 3260 refertur.
797 3193 838 3260 11.
855 3199 895 3260 N.
912 3196 985 3258 343.
1005 3194 1089 3276 patra
1110 3219 1155 3258 κιν
1175 3193 1371 3278 θρασυκάρδιος
1484 3243 1485 3280 p

326 3277 377 3354 εἴη,
392 3277 420 3350 ὃς
433 3280 497 3342 τότε
511 3281 651 3366 γηθήσειεν
668 3278 727 3342 tuh
740 3280 828 3358 τόνον,
845 3283 897 3345 οὐδ’
912 3281 1062 3363 ἀκάχοντο.
1087 3279 1151 3346 His
1164 3279 1281 3357 verbm,
1293 3302 1370 3366 quae
1484 3281 1485 3312 ³

324 3362 370 3426 ibi
383 3363 424 3428 de
438 3387 473 3428 re
486 3365 654 3451 praeterita
667 3365 887 3441 dicuntur‚.uti
944 3363 1000 3430 sais
1013 3365 1107 3432 etiam
1117 3364 1151 3430 in
1162 3387 1196 3430 re
1210 3377 1373 3451 praesente

324 3463 356 3514 et
371 3450 487 3518 futura
528 3451 580 3516 Ita
593 3451 640 3528 fit,
657 3463 693 3516 ut
707 3463 740 3514 et
752 3450 831 3516 illud
846 3449 886 3516 de
914 3464 1012 3516 uturo
1024 3465 1106 3516 recte
1121 3449 1257 3529 dicatur,
1275 3452 1315 3520 Il.
1330 3455 1367 3514 o.

325 3533 399 3606 619.
416 3535 510 3602 ἔπειτά
525 3561 571 3599 κεν
585 3535 652 3599 culm
667 3534 746 3618 φίλον
759 3540 846 3601 παῖδα
860 3536 1021 3617 κλνιθοισθοο,
1032 3549 1064 3602 et
1078 3537 1138 3602 hoc
1148 3537 1189 3604 de
1202 3536 1368 3624 praeterito

326 3621 366 3688 Il.
378 3628 412 3686 Γ.
424 3625 496 3688 453.
510 3627 540 3686 οὐ
554 3623 606 3704 μὲν
619 3625 678 3708 peip
693 3621 821 3706 φιλότητί
833 3623 862 3708 γ’
878 3623 1027 3701 ἐκεύθανον,
1044 3622 1070 3684 εἷ-
1081 3649 1123 3696 τις
1137 3621 1232 3704 Retro,
1247 3647 1307 3712 pro
1320 3647 1366 3700 0⁰,

324 3706 411 3864 guod
425 3707 611 3795 plerumque
626 3705 688 3772 dici
703 3708 791 3787 solet,
807 3707 886 3783 ιῖ-τνς
901 3708 975 3772 ιῐθιν.
999 3708 1079 3774 Vide
1094 3715 1132 3778 E.
1147 3710 1223 3774 311.
1240 3713 1313 3776 388.
1334 3715 1369 3774 P.

369 3881 569 3967 Quamquam
582 3891 689 3946 autem
703 3880 804 3946 omnis
818 3878 950 3968 optativi
964 3901 1040 3944 usus
1054 3903 1092 3945 eo
1105 3879 1225 3959 redeat,
1241 3879 1366 3968 utquid

322 3966 355 4031 in
377 3965 442 4032 sola
462 3964 649 4054 cogitatione
670 3967 808 4054 positum
829 3990 894 4032 esse
916 3965 1118 4053 significetur,
1141 3979 1247 4033 tamen
1263 3965 1363 4036 variae

322 4063 396 4119 runt
410 4051 544 4120 ratiome
563 4051 722 4140 modique,
737 4053 854 4140 quibus
870 4053 905 4120 id
923 4052 991 4116 fieri
1010 4053 1117 4140 possit
1161 4055 1290 4120 Horum
1301 4051 1363 4140 pri·

321 4159 392 4202 mars
411 4138 608 4226 maximeque
630 4139 762 4227 simplex
784 4139 810 4204 is
831 4152 890 4220 est,
927 4136 1100 4226 numquid
1121 4138 1207 4203 nulla
1227 4139 1289 4207 alie
1307 4160 1362 4202 no-
1481 4181 1482 4184 =

322 4221 406 4292 tione
419 4224 568 4311 adjuncta
581 4238 619 4290 ut
633 4225 698 4294 sole
710 4163 1022 4312 cogitationehctum
1035 4240 1190 4294 narratur.
1221 4227 1268 4290 Ut
1281 4226 1312 4292 in
1325 4246 1367 4290 re.
1481 4229 1482 4236 ’

319 4311 487 4398 praeterita
502 4310 541 4384 Il.
558 4317 597 4384 A.
613 4315 686 4384 539
703 4312 763 4381 ἔνθα
777 4339 824 4384 νιν
842 4311 932 4382 οθνιέτν
948 4311 1029 4398 ἔργον
1042 4317 1110 4400 ἀνὴρ
1123 4312 1247 4381 θνθταιτο
1260 4324 1365 4414 μιτιλ-«
