2998 5052
483 385 551 450 AD
575 385 725 452 ILIAD.
749 389 788 452 Ψ.
805 388 856 452 84.
1116 387 1180 452 211

136 575 250 644 parum
265 565 338 621 tuto
360 567 496 622 statuere
513 579 623 646 posse;
646 571 728 640 tum,
750 558 777 626 si
797 559 858 626 hoc
878 559 1040 672 largimur,
1060 557 1182 624 licuisse

139 641 377 711 sub'unctivum
398 642 482 727 ἰἀμεν
505 657 636 734 propter
658 657 769 712 tonum
790 647 899 712 efferre
920 671 1005 730 ιιμιν,
1018 644 1183 733 similique

138 749 171 792 m
213 751 234 793 ο
249 729 372 809 similia,
387 731 622 796 concedendum
641 755 686 821 qu
727 751 768 798 ue
782 733 852 814 erit,
890 732 1121 800 renuntiatione
1135 755 1185 798 ao-

138 817 273 882 celerata
295 829 327 881 et
345 830 421 882 tono
441 817 474 881 in
495 819 697 883 antecedente
727 842 811 908 onga
831 843 869 885 su
906 819 1028 898 ‘tonte
1042 843 1134 908 posse
1150 821 1184 884 in

137 903 200 968 fine
213 904 300 967 vocis
314 917 387 968 ante
456 917 582 969 uentem
591 927 763 976 ¹consonam
777 906 891 995 corripi
905 934 935 973 αι
949 920 983 972 et
996 932 1032 988 οι,
1046 919 1079 971 st
1092 929 1186 996 posse

138 989 233 1055 scribi
243 1005 314 1054 v.'c.
331 995 369 1055 Ο.
461 992 529 1073 μηδὲ
542 995 705 1078 τρωπᾶσθαι
719 992 839 1076 φόβονδε.

182 1079 294 1142 Potest
309 1089 414 1141 tamen
432 1101 481 1142 res
501 1077 661 1142 subtiliore
684 1078 779 1143 modo
801 1079 847 1144 ita
864 1078 1016 1168 expediri,
1032 1092 1069 1144 ut
1086 1081 1184 1160 dicas,
1224 1152 1227 1160 Ι

137 1163 300 1252 particulis
313 1163 363 1227 his
382 1164 437 1241 lna,
453 1165 499 1241 οὖς,
514 1163 720 1251 significatum
736 1189 756 1230 a
769 1166 859 1230 nobis
879 1191 897 1232 e
917 1165 1115 1253 sequentinm
1133 1189 1184 1232 ae·

138 1264 241 1314 tatum
264 1273 325 1314 usu
346 1249 454 1324 tribui,
473 1262 510 1314 ut
531 1273 586 1314 eae
606 1273 665 1338 pro
685 1251 876 1318 caussalibus
896 1251 1083 1332 habeantur,
1105 1253 1187 1318 antis

135 1337 281 1424 quiorem
296 1351 401 1401 tamen
415 1358 509 1402 usum
523 1336 618 1402 fuisse
637 1337 815 1414 diversum
840 1343 887 1419 ὥς,
903 1337 1043 1438 inquam,
1062 1354 1187 1406 contra·
1294 1411 1297 1416 ,

137 1436 226 1489 ctum
239 1447 280 1489 ex
296 1423 355 1502 ἕως,
371 1435 413 1501 et,
428 1423 536 1487 eadem
551 1425 711 1490 notatione
720 1441 894 1514 acceptum,
904 1425 1001 1510 fmsse
1010 1448 1069 1514 pro
1080 1429 1183 1491 donec.

135 1511 183 1575 ita
196 1513 232 1586 ὥς
246 1511 397 1574 δοάσσεται
413 1508 446 1574 ἂν
460 1533 528 1578 esse
535 1512 629 1575 donec
641 1512 738 1576 υἱινιονο
744 1511 865 1595 fierit.-
911 1512 977 1579 uod
990 1535 1064 1576 sane
1077 1525 1187 1578 nostro

138 1621 199 1662 usu
213 1595 304 1662 reddi
318 1608 433 1684 potest,
448 1596 495 1661 ita
508 1607 545 1662 nt
558 1597 707 1677 uideatur,
722 1537 962 1688 potestqueinoc
982 1593 1027 1664 ita
1049 1597 1082 1662 in
1096 1617 1185 1686 grae-

136 1685 181 1749 cis
195 1706 324 1772 quoque
341 1681 431 1747 reddi
449 1687 484 1760 ὡς
504 1685 670 1764 ὃοᾶσσηται,
692 1707 750 1750 nec
764 1699 870 1752 tamen
887 1685 1017 1772 antiqua
1035 1684 1115 1750 ratio
1133 1709 1187 1750 eo-

136 1772 211 1836 dem
225 1791 355 1859 prorsus
371 1769 441 1834 loco
462 1783 510 1835 cst
530 1769 683 1836 habenda
701 1779 742 1836 Π.
759 1775 820 1841 271
846 1774 986 1855 μνήσασθε
1004 1772 1188 1858 coapata-aa-

7 1873 11 1882 '
118 1865 198 1937 αἴης,
214 1862 250 1934 ὥς
272 1855 306 1920 ἂν
327 1855 470 1934 Πηλεΐδην
492 1858 655 1940 τιμήσομεν.
677 1860 792 1924 exerite
816 1860 957 1924 viritatem
974 1860 1026 1943 (ut
1047 1857 1189 1946 experia-

138 1947 226 2030 mur)
241 1945 390 2030 quomodo
408 1944 541 2008 Achillis
558 1945 591 2008 in
613 1946 753 2010 lwnorem
771 1947 865 2011 lmcc
902 1947 1029 2010 clamat.
1066 1951 1104 2008 A.
1121 1943 1187 2010 363

139 2031 253 2110 ἐξαύδα,
268 2034 307 2112 μή
326 2031 406 2114 Ικεῦθε
427 2029 488 2117 νόῳ,
511 2029 556 2094 ἵνα
576 2029 678 2114 εἴδομεν
700 2029 793 2116 ἄμφω.
816 2057 856 2098 ve
890 2055 960 2121 pro,
976 2055 1076 2119 usque
1096 2031 1186 2112 dum,

138 2118 189 2184 vel
203 2141 264 2206 pro
283 2115 343 2195 ὧδε,
359 2119 516 2202 qaonmdo,
531 2118 597 2182 ric:
619 2119 756 2205 eloquere
766 2146 779 2198 ,·
801 2121 847 2184 ric
865 2121 985 2200 εοὶννιιιο,
1003 2129 1188 2202 compertam

140 2207 285 2270 habemus
306 2223 371 2267 rem
392 2213 522 2289 taleque.
569 2206 622 2268 Ita
644 2204 723 2292 ὄφρα.
745 2208 850 2285 detrec,
865 2216 907 2284 et,
921 2215 965 2269 ut.
990 2204 1100 2284 κλύετε,
1117 2204 1189 2291 ὄφρα

138 2290 223 2356 εἴδετε
237 2293 274 2360 Σ.
290 2292 346 2355 53.
361 2293 408 2364 ὥς.
425 2292 590 2374 (φιοοιιιοάος
604 2290 755 2379 itemque,
770 2303 813 2356 ut.
833 2291 1004 2378 φραζώμεσθ’
1020 2290 1054 2366 ὥς
1069 2315 1115 2354 κει
1130 2317 1187 2354 οια-

139 2378 350 2460 τατανσόμεθα.
362 2377 366 2382 ’
376 2382 409 2440 Β.
427 2375 499 2442 168.
522 2378 718 2442 deliberante
735 2381 882 2462 quamdo
896 2399 947 2441 eos
964 2375 1124 2460 faciamus
1137 2378 1193 2440 de«

138 2467 271 2530 airam.-
294 2462 352 2528 etsi
364 2478 458 2528 ¹recte
471 2463 622 2548 vertitur:
645 2486 713 2552 per,
728 2475 771 2528 at.
817 2467 870 2530 Ita
891 2486 1019 2550 quoque
1041 2461 1121 2527 ratio
1134 2484 1193 2526 rem

183 2551 238 2616 riri
256 2561 372 2638 potest,
387 2550 547 2637 quomodo
567 2555 606 2634 μή
629 2550 815 2638 prohibente
837 2573 897 2616 usu
919 2549 1122 2701 expediatur:
1148 2555 1188 2614 K.

139 2575 184 2704 gi
210 2637 270 2702 αὖθι
299 2635 399 2719 μένειν,
416 2638 504 2721 (nam
530 2636 555 2702 si
583 2638 643 2703 hoc
667 2637 843 2718 fecerimus,
867 2635 961 2701 viden
984 2655 1039 2702 um
1065 2648 1122 2715 est,
1148 2659 1189 2701 an

140 2725 236 2807 forte)
253 2725 350 2808 μήτιος
364 2724 556 2811 ἀβροτάξομεν
578 2726 731 2803 ἀλλήλοιϊν.
755 2729 794 2806 μή
808 2725 891 2808 ἴομεν.
915 2723 1003 2811 quod
1017 2729 1061 2787 M.
1078 2721 1144 2788 216
1158 2734 1193 2787 et

141 2811 217 2876 alibi
230 2809 367 2874 occurrit
380 2831 440 2897 pro
453 2813 492 2892 μή
511 2809 605 2891 ἴοιμεν,
620 2833 658 2874 ne
671 2831 798 2875 εοννιοιοε
820 2809 935 2874 scilicet
949 2822 996 2874 est
1010 2809 1085 2891 ἴομεν
1099 2831 1189 2896 prae-
1250 2847 1253 2852 -

141 2921 214 2964 sens
227 2919 287 2985 pro
303 2896 425 2976 futuro,
444 2919 505 2960 ιιοιι
523 2899 653 2962 ibimus:
675 2919 740 2985 pro
756 2919 796 2961 ne
815 2919 933 2975 eamus,
953 2895 996 2960 sio
1015 2907 1047 2959 et
1071 2901 1106 2958 E.
1124 2897 1193 2960 233¹

141 2990 181 3070 μή
202 2983 359 3067 ματήσετον
374 2983 530 3070 expedias.
549 2990 586 3046 Υ.
603 2986 676 3048 300.
693 2985 722 3048 1.
749 3005 817 3047 eam
834 3004 1007 3048 sonemus.-
1028 2981 1125 3065 μήπως
1141 2982 1190 3046 καὶ

89 3149 93 3152 p
142 3069 275 3160 Κρονίδης
297 3069 504 3154 κεχολώσεται,
534 3069 653 3152 (veriti)
678 3091 721 3134 att
733 3067 821 3152 forle
841 3070 962 3153 Jupiter
983 3069 1190 3147 tremuerit,

143 3156 219 3243 (nisi
240 3155 276 3222 id
288 3155 469 3243 fecerimus)
486 3169 518 3220 et
531 3163 568 3220 Ψ.
585 3159 649 3221 428
672 3154 750 3242 ἄνεχ’
772 3155 893 3236 innoves·
905 3157 1001 3237 μήτιος
1021 3153 1192 3243 ἀμφοτέρους

140 3245 282 3324 δηλήσεαι.
301 3243 449 3329 (veritus)
465 3265 507 3308 aa
522 3243 596 3328 (nisi
618 3243 664 3308 ita
676 3242 801 3329 feceris)
817 3265 872 3308 νοοο
885 3252 1043 3328 atramque
1056 3261 1192 3306 euersum

142 3353 203 3397 aaa.

186 3421 300 3504 Atque
313 3417 390 3482 haec
411 3415 541 3503 quidem
559 3416 657 3482 altera
667 3415 759 3483 *ratio
776 3416 818 3482 ad
832 3415 1026 3482 reddendam
1039 3414 1195 3480 rationem

140 3529 221 3571 usus
235 3502 420 3591 antiquioris
434 3502 604 3570 admodum
627 3503 797 3591 probabilis
810 3502 911 3568 videri
924 3513 1038 3590 potest,
1054 3501 1138 3567 hisce
1152 3502 1197 3566 de

142 3592 279 3658 caussis:
304 3589 380 3679 quia
402 3589 454 3654 illa
474 3590 573 3657 indoli
591 3604 623 3657 et
641 3603 772 3656 naturae
794 3589 930 3656 rudioris
947 3588 1195 3668 ammoniatam

143 3678 306 3766 analogiae
321 3690 353 3742 et
368 3683 444 3742 usui
460 3677 494 3741 in
515 3677 624 3744 multis
637 3677 715 3757 aliis,
730 3676 883 3742 convenit.
930 3677 1025 3755 Nam,
1041 3674 1129 3761 quod
1147 3676 1200 3739 fa«

142 3766 201 3832 cile
225 3764 457 3853 expectandum
474 3776 562 3850 ‘erat,
586 3765 728 3836 duriores
751 3763 872 3852 ellipses
892 3762 1136 3862 frequentantur
1159 3761 1194 3825 in

146 3855 290 3924 Homeno
315 3850 442 3941 plures3
466 3873 601 3940 quarum
623 3873 696 3939 pars
716 3850 814 3916 'etiam
843 3849 885 3915 in·
899 3851 1045 3915 Atticum
1074 3869 1194 3912 morem

143 3939 232 4019 abiit,
252 3939 286 4003 in
308 3937 424 4026 quibus
445 3937 573 4006 omnino
594 3951 642 4003 est
662 3937 786 4003 omissio
807 3943 856 4002 τοῦ
868 3936 1030 4020 φυλάττου,
1053 3935 1194 4008 amesa·

145 4025 223 4103 ὄντας.
271 4022 323 4090 Sic
337 4029 465 4110 quoque
489 4048 566 4090 usus
582 4023 728 4089 infinitivi
745 4045 804 4113 pro
821 4021 1014 4111 imperativo
1060 4021 1194 4084 Ducunt

147 4127 252 4178 tamen
265 4123 324 4174 nos
337 4111 415 4175 haec
429 4109 497 4199 ipsa
510 4111 552 4176 ad
567 4111 783 4200 simpliciorem
797 4110 890 4176 aliam
905 4107 1074 4185 rationem,¹
1082 4106 1116 4170 in
1129 4127 1196 4193 qua

146 4199 282 4264 arbitror
297 4197 530 4264 subsistendum
545 4198 635 4264 nobis
648 4222 723 4264 esse.
793 4267 797 4276 ‚

190 4285 276 4351 Fieri
300 4285 411 4372 utique
429 4285 534 4385 potuit
555 4295 593 4351 ut
614 4309 654 4350 ex
673 4283 814 4374 ellipticis
832 4283 898 4348 istis
916 4276 1066 4368 loquendi
1085 4277 1196 4343 formis

148 4385 328 4438 nasceretur
342 4391 419 4437 usus
432 4373 484 4438 1lle
504 4372 660 4460 jungendi
678 4369 846 4459 particulae
859 4392 931 4435 cum
949 4365 1053 4432 modis
1066 4389 1103 4431 ao
1118 4378 1195 4430 tem-

667 4462 721 4530 aa
