2998 5052
323 374 389 438 318
701 359 994 437 HERMANNI

322 565 384 610 rus
393 569 406 610 ι-
424 545 484 608 hoc
498 543 581 642 euim
596 543 715 642 ubique
728 541 791 642 tels
804 556 862 621 est,
878 529 961 608 utin
975 541 1044 629 ipso
1057 540 1131 606 insit
1150 539 1361 641 diuturnitatis

322 631 372 696 vel
389 631 580 718 repetitionis
595 630 793 717 srgmficatro:
818 642 865 692 est
885 629 968 692 enim
989 627 1112 716 pl'erum
1135 651 1176 692 ue
1189 628 1240 693 vel
1254 649 1360 714 rmper-

321 719 452 796 fcctum,
464 716 514 780 vel
527 715 884 804 plusquamperfectum:
910 715 950 780 Il.
962 721 998 779 A.
1013 712 1087 779 610.
1110 652 1171 780 gd,
1186 720 1223 784 T.
1237 717 1288 785 49.
1304 712 1361 776 ἔνθα

321 803 409 887 πάρος
424 804 542 885 κοιμᾶθ’,
558 801 601 866 δ’τε
615 830 662 884 μιν
683 803 790 888 γλυκὺς
812 799 890 876 ἀοινος
913 799 1007 865 ἱκάνοι.
1046 800 1086 865 11.
1103 808 1141 866 Κ.
1158 802 1234 866 188.
1250 801 1360 865 πεδίονδε

322 895 383 976 γάρ
397 891 448 953 αἰεί
462 887 620 976 τετράφαθ’,
636 888 729 954 ὁππότ’
746 889 788 951 ἐπί
803 885 905 971 Τμοίοον
918 887 1002 970 ἀΐοιεν
1016 886 1115 951 ίθντων.
1159 887 1211 957 Ac
1230 885 1363 974 plerum-

316 999 386 1063 que
402 977 562 1039 Homerus
579 973 816 1062 frequentativis
830 973 997 1037 verborum
1017 972 1125 1037 formis
1140 973 1254 1051 utitur,
1271 984 1308 1036 ut
1322 970 1360 1035 Il.

319 1069 357 1126 Γ.
374 1060 447 1126 216.
464 1064 531 1126 ἀλλ’
548 1059 591 1124 dre
606 1063 636 1138 δὴ
650 1061 803 1142 πολύμητις
822 1060 955 1136 ἀναίέιιεν
969 1059 1132 1137 Ὀδυσσεὺς,
1148 1058 1285 1137 στάσκεν,
1300 1056 1361 1121 ὑπαὶ

321 1149 351 1212 δὲ
372 1147 471 1211 ἴδεσκε.
517 1145 574 1210 Ad
615 1169 689 1210 uam
710 1167 852 1212 normam
872 1143 1069 1224 Aristoteles,
1086 1145 1182 1210 Rhet
1199 1145 1248 1209 11.
1265 1147 1297 1222 9,
1313 1145 1360 1208 11.

320 1255 363 1296 ex
379 1233 419 1297 ll.
435 1238 472 1296 A.
489 1235 595 1302 549.a
620 1245 679 1310 ert,
696 1235 765 1308 Ζεὺς
784 1231 842 1318 γάρ
862 1237 888 1294 cl
905 1231 1073 1315 νεμθσοισχ’,
1095 1229 1134 1294 i'r'
1157 1231 1276 1305 ἀμείνονι
1296 1229 1360 1312 μοιτί

319 1319 454 1405 μάχοιτο.
487 1318 740 1406 Frequentativis
753 1317 787 1382 in
801 1316 911 1382 eodem
925 1339 1038 1404 genere
1053 1316 1153 1381 utitur
1168 1315 1360 1394 Herodotus,

319 1419 359 1470 ut
375 1406 454 1470 VII.
471 1407 543 1474 119.
590 1405 678 1470 Raro
695 1403 844 1468 aoristum
866 1402 1015 1481 invenias,
1031 1417 1063 1468 et
1078 1403 1187 1482 sicubi,
1201 1403 1247 1466 ita
1261 1415 1298 1466 ut
1312 1401 1362 1466 ali-

319 1491 400 1577 quid
419 1491 577 1578 adjectum
597 1491 647 1569 sit,
662 1512 727 1578 quo
748 1489 892 1578 repetitio
912 1489 1098 1568 declaretur,
1121 1502 1159 1553 ut
1180 1488 1223 1553 11.
1237 1494 1272 1552 Γ.
1289 1490 1361 1552 333.

319 1575 446 1641 πολλάκι
465 1603 512 1658 μιν
533 1576 665 1656 ξείνισσεν
681 1575 839 1664 Ἀρηίφιλος
853 1575 998 1650 Μενέλαος
1012 1574 1077 1660 cinq
1095 1573 1269 1662 ίνὴμετθςῳ,
1286 1575 1361 1638 θιιθτε

323 1666 459 1748 Κρήτηθεν
472 1662 567 1728 ἵκοιτο.
613 1662 743 1727 Etenim
756 1661 915 1749 optativus
934 1661 1023 1725 nullo
1042 1661 1137 1726 modo
1155 1672 1260 1748 potest
1273 1683 1361 1748 repe·

264 1819 273 1836 ‚
320 1747 462 1812 titionem
477 1747 624 1827 indicare,
640 1770 743 1836 neque
756 1747 789 1811 in
804 1747 871 1812 istis
884 1747 959 1812 locis
976 1745 1131 1828 omnibus,
1147 1769 1284 1833 quorum
1298 1743 1363 1810 mil-

321 1833 392 1898 lene
412 1834 516 1898 efferri
535 1834 569 1898 in
589 1857 659 1898 eam
681 1857 747 1900 rem
768 1847 905 1922 possent,
921 1832 1107 1921 quidquam,
1121 1832 1180 1897 nisi
1200 1855 1302 1897 uuum
1320 1833 1364 1896 fa-

320 1933 408 1984 ctum
433 1932 532 1998 notat,
557 1919 611 1984 scd
636 1920 691 1999 ita,
714 1934 752 1986 ut
773 1945 812 1984 ex
834 1920 941 1984 multis
962 1918 1062 1997 foetis,
1086 1941 1224 2006 quorum
1249 1918 1363 1983 notatio

321 2007 418 2070 verbo
432 2006 553 2092 adjecto
567 2006 657 2084 inest,
672 2007 752 2072 illud
771 2006 924 2094 designet,
939 2005 1162 2094 quodcumque
1176 2005 1270 2070 elicui
1285 2005 1364 2092 cogi-

321 2107 388 2156 tare
402 2091 536 2156 libuerit.
571 2092 692 2157 Eadem
708 2092 788 2157 ratio
802 2108 849 2157 est
863 2091 1053 2179 conjunctivi
1066 2092 1100 2156 iu
1114 2093 1208 2158 rebus
1223 2113 1365 2180 praesen-

319 2177 415 2242 tibus.
439 2176 502 2241 Od.
513 2182 548 2240 T.
563 2179 636 2242 515.
654 2182 742 2264 οούισδμ
758 2182 822 2256 ἐπὴν
836 2179 884 2256 νὺξ
899 2179 972 2265 ἔλθῃ,
987 2177 1064 2266 ἕλῃσι
1077 2204 1109 2242 τι
1124 2183 1213 2254 κοῖτος
1228 2177 1363 2256 ἅπαντας,

320 2272 415 2347 κεῖμαι
438 2265 474 2326 ἑνὶ
497 2262 614 2350 λέκτρῳ.
660 2266 744 2328 Nam
757 2263 783 2328 si
796 2264 830 2328 iu
851 2263 900 2328 his
914 2263 1071 2328 vertendis
1084 2264 1240 2329 vocabulo
1252 2265 1364 2349 qrrotiet

317 2351 370 2416 uti
388 2349 470 2427 licet,
492 2371 529 2414 ea
546 2371 610 2414 non
631 2350 822 2438 conjunctivi
836 2349 935 2414 virtus
957 2363 1014 2429 est,
1030 2349 1084 2415 sed
1098 2350 1187 2414 verbi
1202 2354 1310 2432 κεῖμαι,
1325 2373 1362 2414 ex

319 2461 387 2524 quo
401 2437 441 2500 de
454 2459 489 2499 re
503 2435 593 2499 solita
606 2436 674 2500 fieri
688 2459 861 2501 sermonem
872 2459 937 2500 esse
951 2437 1156 2522 cognoscitur.
1181 2435 1247 2500 Sed
1258 2435 1363 2523 quaeri

320 2522 446 2625 poterit,
462 2543 501 2584 ou
512 2521 636 2600 Graeci,
649 2522 704 2587 ubi
719 2522 759 2586 de
773 2521 956 2610 repetitione
970 2522 1085 2608 agitur,
1100 2522 1193 2586 etiam
1208 2520 1363 2608 praesenti

316 2608 482 2697 junxerint
494 2607 681 2693 optativum.
713 2609 806 2687 Quod
821 2608 878 2672 etsi
892 2607 925 2672 in
939 2633 971 2672 se
985 2608 1055 2696 ipso
1066 2607 1144 2672 nihil
1157 2608 1267 2686 habet,
1279 2607 1364 2695 quod

320 2705 486 2782 repugnet,
508 2706 611 2757 tamen
634 2717 697 2757 non
718 2694 844 2760 videtur
864 2708 980 2759 temere
1002 2694 1244 2759 concedendum.
1291 2696 1364 2759 Non

321 2779 481 2844 retulerim
495 2778 557 2844 huc
571 2779 651 2843 illud
666 2779 706 2843 Il.
724 2787 759 2844 A.
776 2782 848 2850 5119.
857 2779 892 2844 δν
908 2780 935 2843 δὲ
952 2783 977 2843 κ’
993 2779 1063 2865 ἓγάν
1077 2779 1195 2863 ἐθέλοιμι
1211 2783 1276 2844 θεῶν
1291 2780 1364 2844 ἀιιά-

320 2868 392 2930 νευθε
407 2872 511 2944 νοῆσαι,
526 2893 595 2948 μητν»
608 2891 643 2928 συ
661 2893 754 2929 ταντα
777 2891 887 2929 εκοιστσι
909 2865 1013 2954 διείρεο,
1028 2868 1095 2948 μηδὲ
1109 2867 1254 2948 μετάλλα.
1301 2866 1364 2930 Mi-

321 2975 397 3036 rum
415 2951 497 3016 euim
518 2951 620 3030 foret,¹
631 2950 663 3014 ni
678 2951 881 3016 Aristarchus
897 2951 959 3031 hic,
975 2963 1013 3015 ut
1032 2958 1055 3014 1.
1072 2955 1143 3022 397.
1160 2951 1279 3035 ἐθέλωμι
1295 2952 1366 3016 scri·

320 3039 439 3125 psisset.
471 3037 534 3101 Sed
548 3036 613 3102 duo
626 3036 679 3101 olii
692 3037 751 3102 loci
765 3038 867 3125 majus
880 3033 1073 3102 momentum
1087 3037 1225 3102 habent:
1236 3046 1274 3102 Δ.
1287 3041 1363 3104 343.

320 3123 420 3204 ἀράτω
440 3125 499 3209 γάρ
521 3125 569 3186 aar
592 3125 681 3198 δαιτὸς
703 3123 885 3204 ἀκουάζεσθον
907 3127 991 3202 ἐμεῖο,
1011 3122 1110 3187 διιπθτο
1131 3126 1214 3187 δαῖτα
1236 3124 1366 3213 γέρουσιν

321 3208 509 3290 ἐφοπλίζωμεν
521 3209 646 3294 Ἀχαιοί.
685 3208 889 3273 Thierschius
903 3209 1030 3296 quidem
1045 3211 1162 3296 p.194.
1179 3209 1365 3290 ἀκουάζεσθον

342 3294 443 3361 utavit
458 3294 675 3380 imperfectum
690 3319 765 3372 esse,
777 3294 810 3357 in
824 3318 888 3381 que
901 3318 935 3358 re
948 3317 1005 3358 nec
1020 3294 1142 3374 ducem,
1154 3296 1243 3381 quod
1258 3297 1364 3374 sciam,

318 3317 441 3456 lubuit,
456 3401 558 3465 neque
576 3379 716 3458 habebit,
730 3380 851 3466 opinor,
889 3380 923 3444 ui
942 3393 1098 3466 sequatur.
1144 3383 1299 3460 Quamvis
1311 3407 1368 3447 au-

320 3479 384 3530 tem
398 3463 488 3529 focile
502 3487 541 3528 ex
556 3464 710 3529 simillimo
722 3466 792 3529 loco
804 3489 845 3530 v.·
867 3404 924 3531 dd.
940 3467 1157 3532 con‘unctivus
1170 3467 1282 3532 inferri
1296 3493 1368 3556 pos

320 3552 370 3636 sit,
386 3563 489 3615 tamen
503 3550 548 3614 ita
561 3563 738 3616 constanter
752 3574 858 3616 omnes
872 3551 1047 3639 optativum
1070 3567 1210 3633 tuentur,
1225 3567 1265 3619 ut
1280 3579 1364 3634 eum3

319 3635 379 3700 nisi
392 3636 448 3722 qui
462 3637 643 3700 temerarius
658 3636 707 3716 sit,
723 3637 777 3700 vix
791 3637 935 3702 videatur
955 3639 1136 3703 mutaturus
1149 3663 1223 3703 esse.
1274 3641 1368 3706 Alter

239 3741 241 3746 '
319 3721 543 3786 100113001Οᾶ.
560 3729 600 3786 Ω.
617 3725 689 3788 343.
706 3723 766 3787 ἔνθα
785 3725 875 3787 δ’ἀνοὶ
894 3725 1038 3803 σταφυλαί
1060 3729 1186 3806 ιισιντοῖοιι
1210 3725 1300 3806 ἔασιν,
1316 3733 1353 3790 θιι

319 3808 386 3872 κάτε
401 3810 430 3885 δὴ
446 3809 511 3881 Διδς
526 3805 592 3888 ὧραι
608 3807 775 3894 ἐπιβρίσειαν
790 3806 904 3896 ὕπερθεν.
936 3811 1036 3874 Hunc
1050 3823 1088 3873 ut
1100 3811 1227 3897 regilae
1241 3815 1366 3878 nocom-¹

319 3893 461 3959 modaret
483 3891 697 3973 Thierschius,
721 3893 895 3962 mauditum
922 3893 1001 3982 quid
1024 3909 1057 3960 et
1079 3917 1158 3982 pene
1181 3897 1364 3964 incredibile

319 3991 513 4068 commentus
531 3991 588 4057 est,
604 3974 679 4042 ἔασιν
696 3979 863 4066 antiquum
879 4003 945 4044 esse
964 3981 1147 4067 perfectum.
1194 3985 1235 4047 In
1250 3989 1364 4071 qua're

319 4067 399 4136 alius
413 4066 526 4143 adhuc,
541 4065 629 4152 isque
640 4065 744 4152 major
757 4065 851 4130 etiarn
869 4065 949 4130 inest
961 4089 1058 4145 error,
1073 4067 1157 4154 quia,
1174 4069 1199 4132 si
1213 4091 1277 4133 non
1290 4083 1362 4156 pot-

318 4165 366 4216 est
379 4172 451 4215 curn
465 4163 627 4238 praesente
641 4150 779 4216 construi
793 4151 951 4239 optativus
965 4151 1025 4217 iste
1038 4153 1230 4240 repetitionis
1246 4155 1359 4242 signifiss

271 4293 276 4304 .
317 4237 459 4315 cutione„
471 4258 534 4300 non
553 4235 653 4325 magis
671 4236 786 4326 poterit
805 4259 876 4301 cum
896 4237 1052 4324 perfector
1076 4239 1161 4304 unde
1174 4239 1357 4307 Thierschio

317 4322 398 4386 hanc
421 4345 542 4386 omnem
569 4323 720 4392 rationem
744 4343 857 4410 purum
877 4337 1073 4412 ¹perspectam
1098 4325 1195 4396 fuisse
1219 4323 1355 4412 conjicio}
