3008 5056
297 353 306 364 “
351 378 416 446 rsa
550 341 579 447 ’,
712 363 965 440 nxcunsus
989 372 1039 439 11.

349 549 421 616 diae
434 548 468 613 in
482 547 530 628 iia,
545 535 628 635 qia
641 545 715 612 olim
730 547 889 636 digamma
906 545 1055 624 habuere,
1168 557 1193 622 t,
1209 558 1239 608 r.
1254 564 1280 607 c,
1297 543 1324 606 P
1345 539 1386 606 rb.

352 638 413 715 IV,
429 636 494 706 197
508 639 547 721 τῷ
560 637 591 718 μ’
606 635 662 697 ἐπεὶ
677 634 848 720 πάμπρωτον
862 634 937 698 εἶδον.
961 654 1026 696 non
1040 634 1136 695 failor.
1152 632 1216 700 219
1230 630 1309 715 γόνον
1323 629 1385 692 ἰδών.

350 722 416 788 268
429 719 480 784 κοῦ
491 745 527 802 pa
541 723 616 784 esrai
628 723 687 784 rebe
701 720 784 785 clara.
798 742 862 785 non
884 723 984 783 fateor.
1001 719 1065 784 185
1081 715 1142 781 οὔτε
1157 716 1217 790 ἔπος
1233 714 1288 778 obr’
1303 713 1317 777 ἔ
1376 759 1385 790 ,

350 807 439 895 quod
459 805 534 871 olim
554 817 622 871 erat
644 831 704 871 cvra
720 811 819 892 fepyer
841 831 903 870 aare
926 810 1015 880 feras.
1038 816 1177 868 attamen
1193 801 1278 866 idem
1292 824 1334 864 vs.
1348 802 1387 864 52

350 894 485 977 φιλίωνδ
501 892 593 956 ἐπέων.
617 903 649 956 et
667 915 711 956 vs.
728 894 772 960 37
793 892 843 978 θεῷ
863 889 938 978 ἀνέρι
960 890 1084 976 εἰδομένῳ
1103 900 1135 953 et
1154 891 1197 952 40
1219 887 1265 954 tat
1285 892 1316 950 al.
1333 883 1387 968 (tel

352 982 410 1065 fet)
427 977 469 1044 65
481 977 561 1066 χειρί
582 984 606 1041 al
624 982 696 1088 χιῖγΙ
715 976 808 1064 (χειρί
823 981 881 1064 fot)
898 979 941 1041 84
960 976 1033 1056 αἷμά
1053 981 1087 1039 al.
1107 973 1141 1062 ἧς
1160 973 1225 1038 sine
1245 969 1387 1060 digammi

350 1064 483 1164 vestigio
504 1066 641 1128 vs.114.
665 1091 755 1146 εμπας
775 1089 816 1138 τις
838 1063 910 1128 εἶπεν
932 1084 976 1126 vs.
993 1063 1057 1126 153
1073 1063 1152 1146 (non
1175 1063 1280 1145 frma)
1299 1071 1329 1123 et
1348 1070 1388 1122 ta

351 1173 424 1216 meu
442 1149 518 1214 ibid.
538 1151 602 1220 159
622 1150 744 1213 ἒπιίιλτα
768 1147 841 1227 ἄναξ
875 1173 957 1212 -ra
981 1149 1085 1232 Ραναῖ)
1114 1147 1155 1210 In
1173 1145 1224 1210 his
1241 1145 1309 1233 jam
1328 1142 1388 1208 elu-

349 1237 443 1302 cescit
463 1235 602 1323 vulgaris
623 1235 703 1300 ratio
723 1234 874 1386 digamma
892 1234 1059 1321 antiquum
1076 1255 1169 1296 usum
1191 1231 1287 1296 modo
1306 1229 1388 1294 hiatu

350 1323 458 1388 relicto
472 1321 615 1387 servandi
630 1322 724 1386 modo
737 1345 758 1386 a
775 1319 914 1409 jiciendi,
930 1319 1036 1407 prouti
1050 1332 1150 1383 metro
1164 1316 1387 1382 inserviendum

350 1421 428 1474 erat.
472 1410 586 1495 quue
605 1408 709 1472 minus
728 1407 922 1472 mirationem
942 1406 1017 1472 facit
1035 1405 1068 1468 in
1090 1404 1192 1504 choris
1205 1404 1387 1492 tragicorum

231 1569 232 1578 χ
351 1493 533 1561 Atticorum
547 1494 678 1559 eandem
692 1493 844 1559 rationem
858 1493 1020 1581 vulgarem
1033 1491 1197 1579 prosodrae
1211 1515 1247 1555 re
1325 1513 1350 1553 e.

1070 563 1344 632 resur

1315 737 1375 800 ae

1247 1511 1325 1578 sne

1125 2267 1233 2355 agam

1241 3151 1349 3230 ¹¹⁸1³⁸¹¹¹

394 1581 502 1646 Etiam
523 1581 675 1646 recentior
695 1579 846 1646 dialectus
867 1580 973 1644 dorica
993 1578 1026 1642 in
1046 1577 1219 1643 Theocrito
1232 1576 1388 1663 ad'vulga·

349 1683 416 1732 rem
429 1667 615 1778 prosodiam
636 1679 816 1755 comparata
833 1651 1028 1754 digammum
1043 1665 1185 1751 ignorat3
1207 1664 1254 1728 ita
1268 1665 1337 1742 ἰδεῖν,
1353 1660 1389 1747 ἔρ-

348 1777 414 1839 γον,
431 1777 489 1818 aros
503 1765 536 1817 et
549 1753 610 1817 ulia
623 1765 790 1830 occurrunt
805 1751 1007 1817 antecedente
1027 1772 1163 1814 consona
1175 1749 1279 1816 brevi:
1302 1748 1387 1826 ἀλλή-

350 1853 416 1914 λους
430 1839 570 1921 {planam
582 1839 635 1926 ἴσῳ
651 1843 737 1926 ζυγῷ·
756 1842 932 1922 (non—ron
948 1840 1041 1923 l'r-)¹

394 1923 601 2002 Grammatici
621 1925 831 1990 Alexandrini
846 1925 981 2012 siquam
1004 1923 1162 1988 notionem
1177 1921 1326 2010 digammi
1339 1920 1387 1985 ha-

349 2011 501 2088 buerunt,
516 2011 705 2076 carminibus
719 2010 824 2101 lyricis
838 2033 906 2075 eam
920 2009 1064 2089 debuisse
1081 2009 1249 2084 videntum
1273 2027 1390 2095 supere-

351 2111 423 2161 rant
448 2096 531 2161 enim
556 2097 661 2162 adhuc
687 2098 833 2186 Sapphus
858 2109 890 2161 et
915 2095 1025 2161 Alcaei
1050 2094 1197 2174 carmina,
1221 2096 1303 2160 forte
1323 2113 1388 2158 cum

350 2182 438 2259 aliia;
462 2182 534 2248 hinc
559 2207 687 2271 quoque
711 2183 953 2284 appellationem
975 2181 1097 2246 Aeolici
1119 2181 1272 2268 digammi
1296 2180 1389 2269 profe-

347 2282 433 2334 ctam
447 2289 513 2332 ease
528 2269 678 2368 suspicor,
693 2293 770 2357 quta
782 2271 816 2334 in
829 2269 896 2334 istis
915 2267 1104 2333 carminibus
1148 2267 1154 2279 '
1233 2289 1320 2332 mum
1341 2266 1389 2330 ob-

351 2367 559 2436 servaverant,
585 2378 619 2419 rn
643 2357 760 2444 quibus
786 2355 917 2420 Aeolica
941 2353 1092 2418 dialectus
1112 2354 1276 2452 regnabat.
1319 2353 1390 2416 Ens-

350 2442 424 2506 dem
449 2453 554 2506 tamen
574 2465 667 2508 usum
690 2442 840 2531 digammi
861 2442 894 2505 in
916 2443 1060 2506 Homero
1080 2461 1208 2504 ommno
1226 2441 1388 2528 ignorasse,

349 2528 501 2616 exemplis
545 2528 666 2593 lut-imis
687 2543 808 2594 constat
829 2551 912 2615 quae
932 2526 1048 2615 passim
1065 2527 1098 2590 in
1113 2527 1204 2591 Obss.
1219 2550 1242 2590 a
1254 2549 1305 2591 me
1323 2536 1388 2590 sunt

351 2627 466 2684 notata.
538 2638 555 2677 e
568 2614 635 2701 ipse
648 2616 778 2702 quidem
793 2614 986 2692 Zenodotus,
1000 2612 1111 2677 ceteris
1124 2613 1295 2712 antiquior,
1309 2611 1387 2700 quie-

348 2721 447 2786 quam
462 2699 502 2763 de
517 2723 554 2764 eo
568 2700 742 2788 suspicatus
763 2714 828 2776 est;
852 2700 979 2765 oninino
993 2699 1045 2762 ille
1059 2698 1104 2763 rei
1117 2699 1272 2778 metncae'
1286 2719 1388 2786 perum

348 2807 479 2872 gnarus,
495 2807 587 2873 saepe
607 2799 734 2853 notetus
748 2813 768 2853 a
819 2785 990 2852 ammaricis
1008 2785 1068 2850 hoc
1087 2784 1230 2850 nomine:
1254 2808 1283 2848 v.
1299 2784 1338 2848 ud
1351 2783 1387 2862 Θ,

348 2874 424 2940 378.
470 2874 555 2938 Cum
577 2885 681 2938 tamen
699 2875 766 2940 fleri
810 2874 875 2938 aud
895 2885 1010 2972 posset,
1025 2871 1104 2959 quin
1117 2870 1279 2936 interdum
1292 2869 1387 2935 inan·

350 2957 539 3058 tiquioribus
551 2957 652 3048 poetis
673 2974 705 3025 et
726 2960 886 3026 codicibus
899 2958 1071 3024 rn'oiderent
1084 2957 1117 3020 iu
1134 2956 1265 3045 vestigia
1278 2957 1386 3044 digam-

350 3068 414 3110 mr:
446 3045 568 3133 objecta
592 3045 630 3110 iis
655 3060 702 3112 est
726 3047 836 3134 caligo,
865 3068 961 3133 quam
988 3043 1152 3132 dispellere
1175 3045 1385 3132 nequiverunt.

352 3125 544 3218 Plerumque
572 3131 668 3196 alium
698 3133 842 3222 spiritum
871 3131 1079 3209 adsciverunt,
1108 3129 1204 3195 modo
1351 3151 1387 3204 nr,

202 3279 209 3288 ,
349 3217 446 3280 modo
466 3217 577 3281 lenem.
625 3219 675 3283 Sic
698 3235 772 3298 αλις,
787 3217 875 3306 quod
896 3231 963 3282 erat
984 3222 1076 3295 ἓαλις,
1091 3229 1251 3282 mutatum
1271 3239 1304 3280 rn
1325 3214 1387 3289 ἅλις.

352 3304 462 3380 tenuta
478 3303 628 3391 scriptum
650 3329 709 3393 pro
731 3306 868 3382 θεοΡειδῆς.
885 3324 950 3390 qua
960 3303 1000 3371 de
1014 3325 1049 3366 re
1061 3303 1149 3367 locus
1162 3325 1201 3367 ex
1215 3299 1389 3452 astipulari-

349 3387 413 3452 bus
426 3400 473 3453 est
486 3411 536 3477 ap.
553 3392 700 3456 Euatath.
716 3390 757 3456 ad
772 3391 812 3456 Ε.
829 3388 879 3459 76.
895 3413 929 3477 p.
946 3391 1019 3455 52⁴1
1035 3412 1065 3453 v.
1082 3390 1173 3454 Obss.
1189 3389 1232 3454 ad
1246 3413 1272 3454 e
1302 3437 1316 3462 .,

396 3476 576 3540 Innumeris
595 3475 628 3540 in
650 3477 726 3543 locis
739 3477 884 3566 expletus
898 3489 945 3541 est
958 3476 1064 3540 hiatus
1078 3475 1264 3564 interposito
1276 3479 1306 3539 N
1319 3473 1386 3537 lina-

350 3561 402 3637 li;¹
417 3574 474 3626 aut
486 3562 647 3650 particulis
659 3567 696 3628 τ’.
712 3568 752 3648 72.
768 3567 799 3628 l.
815 3575 985 3628 occurrunt
1006 3575 1111 3628 tamen
1124 3562 1203 3642 loca,
1219 3561 1253 3627 in
1270 3560 1386 3649 quibus,

351 3658 388 3711 ut
412 3671 507 3736 supra
524 3649 592 3736 jam
613 3651 653 3715 de
674 3650 742 3716 aliis
764 3649 864 3738 poetis
886 3660 1092 3714 memoratum
1106 3662 1165 3729 est,
1179 3647 1389 3737 agnoscitura

349 3735 571 3821 grammaticis,
586 3737 767 3802 defenditur
788 3735 984 3824 et'religiose
1004 3748 1146 3800 servatur
1163 3735 1293 3822 antiqua
1305 3730 1387 3796 lectio

351 3839 409 3908 per
429 3819 644 3908 digmnmunn
667 3823 755 3888 nulla
775 3843 833 3889 uec
853 3821 1007 3910 particula
1028 3844 1086 3886 nec
1103 3826 1134 3884 N
1154 3821 1240 3886 finali
1260 3820 1387 3905 interpo

348 3907 427 3982 altat
451 3919 489 3972 ut
504 3914 540 3971 lt.
557 3907 867 3996 diutiulaetatus.
890 3933 931 3972 ex
953 3910 1010 3971 bare
1025 3913 1085 3972 'fta
1108 3929 1152 3972 nu
1191 3931 1264 3972 uam
1279 3905 1384 3994 legitur

349 3995 423 4057 tetra
438 3999 470 4058 ol.
486 3994 574 4081 quod
587 3995 662 4059 alias
677 3993 810 4060 scribere
825 3994 924 4060 solent
938 4007 975 4060 ut
988 3993 1095 4058 hiatus
1108 4016 1171 4081 exp
1183 4007 1281 4061 eatur.

394 4081 500 4144 Usum
525 4080 675 4168 diganum
700 4080 734 4145 in
760 4081 931 4146 Homerica
956 4079 1087 4145 lectione
1112 4077 1328 4156 constituenda
1349 4093 1384 4138 en

349 4165 444 4230 allato
466 4166 600 4232 Bentleii
620 4169 724 4256 primo
745 4166 925 4232 intellexere
942 4165 1002 4230 viri
1024 4165 1117 4232 docti.
1162 4165 1219 4231 Vir
1237 4163 1289 4230 hic
1307 4181 1384 4248 sagr-

285 4261 290 4274 '
349 4251 463 4315 cadmi
484 4253 600 4341 ingenii
625 4277 691 4318 rem
710 4266 907 4354 perspectam
929 4252 1061 4328 habuit';
1085 4253 1162 4317 dum
1182 4266 1285 4318 tamen
1302 4246 1382 4342 vixit,

351 4357 432 4414 mro,
460 4354 614 4425 quantum
643 4341 720 4406 miln
749 4340 878 4427 quidem
907 4338 1017 4427 liquet,
1045 4340 1143 4426 hujus
1171 4334 1382 4404 obsemetiontt
