2998 5052
499 385 567 455 nn
590 344 739 454 utun
762 395 802 453 o.
1110 389 1174 464 oso

14 627 18 636 ,
123 567 234 630 verum
251 577 289 630 ut
304 563 476 631 habeamus
495 559 664 628 tenninum
686 564 761 628 satis
782 561 985 656 probabiliter
1005 565 1117 646 fixum,
1132 565 1174 633 ad

124 665 223 739 quem
238 647 355 716 referre
369 651 523 740 possimm
536 650 605 715 alia
639 647 773 715 Accedit
787 651 956 716 auotoritas
968 673 1008 716 en
1023 676 1071 733 eo,
1086 655 1175 742 quod

124 738 274 804 couvouit
298 740 365 804 fero
388 751 556 826 computus
578 757 652 804 oum
675 759 724 816 eo,
748 737 836 826 quod
859 738 1044 804 Herodotus
1068 753 1176 808 narrat

127 825 308 894 Homerum
329 838 362 892 et
384 825 562 892 Hesiodum
584 843 618 890 se
638 845 705 890 csse
725 824 917 914 antiquiores
937 825 1026 892 annis
1046 828 1173 894 CCCC.

125 909 178 978 lib.
205 915 258 992 11,
281 916 333 980 58.
378 912 517 1002 Assequi
541 909 689 1002 equidem
713 930 855 1012 possum
904 911 997 977 uibus
1021 912 1055 978 in
1079 913 1175 982 rebus

125 997 217 1065 istius
237 999 349 1065 calculi
370 997 465 1064 cardo
479 1010 629 1064 vertatur.
675 997 799 1064 Scilicet
812 997 853 1064 ab
868 933 1056 1087 (ilympiade
1072 1002 1175 1090 prima

125 1086 272 1165 adanam
290 1097 435 1165 aetatem,
452 1085 505 1151 01.
521 1083 688 1150 LXXIV.
711 1097 802 1151 norat
821 1085 887 1150 fere
906 1083 1059 1151 trecentos
1076 1111 1175 1154 armos

125 1184 157 1237 st
179 1173 301 1262 elapsos
319 1195 396 1254 esse,
415 1169 633 1260 migrationem
653 1172 792 1238 Ionioam
813 1172 1011 1238 antecessisse
1032 1173 1176 1242 ducentis

125 1271 157 1324 ct
168 1261 258 1350 quod
272 1259 410 1326 excurrit
424 1257 523 1341 anuis,
535 1279 599 1323 uon
613 1271 719 1324 autem
733 1273 833 1325 certas
847 1260 964 1324 Ionum
978 1260 1066 1325 sedes
1081 1275 1113 1327 et
1126 1285 1176 1328 res

126 1346 274 1412 florentes
294 1359 368 1412 ante
389 1344 529 1412 medium
550 1347 616 1411 fere
637 1346 735 1434 hujus
753 1345 908 1412 intervalli
927 1346 1096 1412 decursum
1109 1371 1176 1414 esse

32 1479 35 1486 .
170 1432 356 1500 missorius
376 1432 429 1498 ille
450 1432 540 1498 facile
561 1433 735 1522 conjectare
756 1432 861 1522 potuit
882 1429 924 1498 ad
945 1435 1061 1499 CCCC
1077 1457 1176 1500 annos

126 1455 263 1586 iinmeri
277 1532 309 1585 et
320 1518 453 1586 Hesiodi
467 1531 600 1584 aetatem
616 1539 780 1607 assurgere
793 1518 946 1586 debuisse
969 1519 1027 1584 Ad
1040 1520 1176 1585 eundem

125 1607 192 1672 fere
214 1629 333 1672 morem
356 1631 428 1672 suas
449 1606 583 1694 epochas
604 1603 758 1696 mythicas
775 1620 807 1672 et
825 1605 987 1671 historicas
1008 1606 1175 1672 constitue-

124 1707 202 1759 runt
218 1693 344 1773 Graeci,
359 1706 392 1758 et
406 1707 508 1769 recte3
533 1706 571 1758 ut
584 1694 758 1766 nosfacere
777 1693 912 1758 solemus
926 1692 959 1756 in
973 1693 1175 1765 historiarum

126 1781 262 1846 osseus
283 1771 372 1846 libris
396 1777 567 1868 petitarum
592 1793 750 1868 computo.
797 1780 831 1845 Si
852 1791 957 1844 tamen
978 1779 1018 1844 de
1039 1779 1177 1846 utilitate

126 1866 299 1934 subtilioris
312 1880 492 1955 temporum
506 1866 654 1931 linitionis
667 1867 829 1956 adipsum
843 1881 968 1931 carmen
982 1865 1175 1955 dispicimus,

127 1953 237 2043 negari
258 1953 379 2053 nequit,
402 1945 459 2018 rios
480 1975 518 2016 ea
538 1951 665 2018 omnino
685 1954 768 2021 bene
786 1975 893 2019 carere
912 1975 1012 2040 posse.
1058 1955 1176 2033 Quam-

126 2065 190 2106 cun
214 2064 255 2106 ue
275 2063 358 2106 emm
379 2039 532 2105 rationem
550 2039 612 2104 ani
635 2040 729 2121 ueris,
745 2062 808 2106 non
823 2063 861 2104 ea
880 2039 953 2104 satis
970 2041 1116 2106 convenit
1134 2042 1176 2106 ad

126 2066 350 2193 stabiiendum
371 2126 463 2210 illud,
508 2126 574 2192 uod
596 2063 705 2192 tiood
719 2140 760 2193 'st
780 2126 833 2193 alii
853 2127 1013 2215 ingeniose
1057 2127 1174 2208 uidem,

127 2237 288 2294 censuere,
304 2213 338 2278 in
351 2212 426 2302 ipsis
439 2235 499 2279 oon
521 2213 581 2278 niis
594 2212 676 2280 inter
689 2211 788 2280 vitam
801 2213 1030 2280 rudioremetc
1067 2214 1176 2280 tiorem

127 2301 190 2368 talc
212 2321 338 2366 carmen
359 2321 429 2365 com
484 2299 567 2365 itum
588 2321 654 2366 esse
675 2300 799 2366 debere.
844 2300 902 2365 Ad
926 2311 1068 2389 tempora
1092 2301 1197 2386 enim

127 2387 275 2477 proxima
288 2411 308 2452 a
320 2387 404 2452 bello
458 2388 566 2475 rojano
586 2385 691 2451 nullus
712 2399 880 2475 computus
900 2409 956 2450 nos
977 2399 1126 2463 revocat·²
1144 2401 1177 2453 et

126 2475 154 2540 si
168 2487 341 2553 revocaret,
357 2473 470 2539 cultior
484 2472 634 2538 sermonis
649 2472 748 2539 Ioniei
765 2473 799 2538 in
812 2471 949 2537 carmine
969 2472 1105 2558 habitus
1118 2497 1176 2544 nos

127 2561 205 2627 inde
226 2557 268 2626 ad
290 2560 419 2626 seriores
443 2573 560 2624 aetates
580 2571 747 2625 revocaret.
792 2559 867 2624 Non
891 2557 1002 2648 ignoro
1024 2583 1072 2640 ea,
1095 2581 1177 2650 quae

127 2647 297 2715 memorari
307 2646 422 2726 solent,
434 2641 474 2710 de
489 2646 581 2712 tertia
594 2659 695 2712 aetate
708 2658 781 2736 post
792 2645 926 2736 Trojsm
941 2657 1065 2735 captam
1080 2669 1119 2712 cx
1136 2647 1175 2713 11.

126 2741 165 2800 tt.
179 2733 256 2803 307.
271 2731 337 2800 308
351 2739 412 2797 Νῦν
426 2733 455 2797 δέ
468 2759 500 2798 τε
515 2735 701 2799 Alarico-et
714 2734 802 2823 quod
815 2732 882 2822 ipse
895 2745 990 2822 pocta
1004 2735 1117 2800 Musas
1131 2733 1178 2800 in-

127 2834 233 2900 vocat,
260 2833 412 2908 tanquam
435 2841 517 2910 quae
541 2839 647 2886 rerum
674 2820 855 2888 memoriam
877 2820 1026 2902 habeant,
1050 2825 1126 2905 ἡμεῖς
1149 2823 1177 2888 δὲ

128 2907 211 2986 κλέος
229 2907 284 2972 olor
303 2906 438 2990 ἄκουόμεν
457 2907 515 2971 ou’le'
533 2931 562 2970 rr
579 2906 655 2991 ἴδμεν
674 2912 708 2970 Β.
726 2906 791 2973 486
808 2919 840 2971 et
854 2907 943 2998 quod
962 2906 1010 2971 clar
1025 2913 1069 2971 νῦν
1082 2907 1180 2992 βροτοί

126 3000 196 3060 alcu
209 2993 357 3073 occurrit,
374 2999 409 3057 E.
426 2995 501 3058 804.
539 2994 658 3058 Verum
673 2993 780 3059 tribus'
788 3005 860 3082 post
876 2993 1015 3082 Trojam'
1023 2993 1178 3080 aetatibus

128 3101 196 3147 non
210 3105 250 3146 ea
264 3079 364 3146 Ionici
379 3079 524 3144 carminis
537 3103 603 3145 esse
617 3080 722 3170 potuit
739 3079 894 3169 elegantia
912 3101 970 3145 neo
989 3093 1083 3169 poeta
1096 3079 1178 3146 inter

130 3165 247 3234 Iones:
271 3183 346 3232 eunt
370 3166 506 3234 necdum
533 3167 628 3232 Iones
651 3167 685 3232 in
710 3167 822 3232 Asiam
846 3166 1046 3254 trajecissent.
1082 3165 1179 3246 'Quid

127 3255 139 3320 i
162 3256 229 3321 'uir
243 3250 427 3343 putabimus
440 3253 644 3320 statuendum
658 3258 748 3320 esse?
764 3253 829 3319 'hoc
849 3253 986 3341 utiquee·
997 3276 1065 3328 ,non
1083 3255 1179 3320 modo

130 3275 250 3408 linteam
263 3340 339 3406 belli
353 3340 487 3428 Trojani
500 3358 602 3428 usquc
616 3341 658 3406 ad
675 3353 818 3406 octavam
837 3339 888 3405 vel
909 3363 1024 3406 nonam
1045 3352 1179 3422 aetatem

130 3430 260 3516 (yemali)
276 3421 375 3514 fuisso
388 3440 552 3506 servatam,
566 3449 677 3492 vemm
696 3440 731 3492 et
749 3426 887 3494 carmina
907 3427 1094 3516 antiquiora,
1110 3428 1180 3580 ilui-

131 3517 194 3582 bus
207 3533 247 3584 ea
259 3515 344 3580 lama
353 3514 421 3602 jam
434 3508 561 3580 condita
574 3514 695 3590 hrerat3
718 3537 776 3580 nec
789 3514 884 3595 enim,
898 3513 1051 3602 quicquid
1063 3513 1097 3580 in
1123 3538 1180 3580 oco

131 3597 209 3668 noto
223 3597 361 3666 Velleius
380 3612 489 3666 contra
506 3601 667 3666 contendit
683 3603 712 3679 1,
727 3605 760 3668 5.·
774 3601 816 3666 ud
838 3600 1068 3700 assequendum
1089 3599 1181 3668 facile

130 3699 224 3767 essct,
240 3687 326 3752 unde
340 3699 405 3754 tam
419 3687 538 3778 politus
552 3698 584 3752 et
598 3688 701 3752 suavis
715 3709 817 3752 sermo
831 3686 932 3752 Ionicr
946 3687 1091 3756 carminis
1130 3708 1179 3756 ro-

130 3776 245 3842 redcre
256 3773 420 3864 potuisset,
435 3773 495 3840 nisi
505 3775 573 3862 jam
586 3771 688 3840 multa
701 3773 840 3840 oarroina
852 3783 1091 3841 antecesserant.
1106 3709 1178 3840 i'er

131 3883 171 3928 ea
181 3862 291 3949 itaque
304 3861 445 3927 heroicae
455 3859 538 3927 vitae
552 3876 655 3926 mores
667 3872 699 3926 et
712 3860 857 3926 instituta
865 3861 933 3950 jam
947 3861 992 3926 ita
1005 3861 1178 3926 multorum

131 3961 300 4037 poetarum
319 3947 431 4013 studiis
450 3946 618 4014 informata
641 3972 706 4013 esse
724 3961 881 4036 poterant,
896 3961 934 4014 ut
948 3969 1056 4014 eorum
1070 3947 1180 4036 imagi-

133 4055 207 4124 nem
221 4029 353 4122 reddere
365 4029 432 4100 ta'm
445 4034 583 4120 vividam
591 4035 687 4118 ⁴facile
696 4048 836 4138 possent.
988 4061 993 4070 ·

178 4123 221 4188 In
250 4121 390 4188 medium
441 4121 541 4188 rolsta
567 4133 641 4188 sunt
665 4121 737 4201 ahot
761 4122 922 4210 ingeniosa
949 4121 1071 4208 utique,
1095 4141 1180 4186 oom-

132 4221 243 4274 menta
254 4209 394 4273 virorum
413 4145 589 4286 doctorum,
605 4204 722 4295 quihus
741 4219 874 4274 setatcm
889 4202 989 4271 ionici
1003 4209 1093 4272 ἀοιδοῦ
1107 4229 1180 4272 con-

111 4327 113 4333 *
135 4294 266 4360 stituere
279 4293 406 4376 vellent,
422 4308 460 4380 ut
478 4297 576 4384 τροπαὶ
597 4295 695 4373 ἠελίοιο
711 4295 772 4362 Od.
789 4301 829 4360 Ο.
846 4297 909 4359 403
923 4293 956 4357 in
970 4293 1073 4359 insula
1089 4293 1181 4383 Syria
1271 4329 1273 4333 ·

136 4403 209 4448 cum
231 4379 310 4462 aliis,
333 4381 373 4446 de
395 4381 512 4470 quibus
530 4399 559 4447 v.
577 4381 632 4446 Ge.
651 4377 783 4448 Costurd
796 4385 863 4446 inc
880 4380 986 4446 Letter
1000 4381 1180 4467 concmniug

650 4489 671 4531 U
