2998 5052
330 395 396 458 238
702 387 956 453 EXCURSUS
983 389 1010 452 1.

331 586 403 629 men
417 556 530 627 harum
546 583 579 626 re
601 561 821 626 rehensionum
830 573 889 639 est,
900 581 980 647 quae
995 581 1058 622 non
1068 560 1138 647 pari
1148 560 1222 647 jure
1233 583 1269 624 ac
1284 557 1378 622 modo

331 651 365 715 in
385 649 493 715 ceteris
517 647 555 712 I‘
600 671 636 712 os
656 647 743 712 libris
764 647 877 736 passim
899 660 1077 734 opportune
1098 647 1239 710 adhiberi
1262 645 1381 734 potuis-

332 750 387 802 set
435 739 502 802 Cur
516 757 580 800 non
595 733 901 800 animadvertebatur
915 733 1029 799 similes
1049 733 1082 798 in
1104 734 1200 816 locos,
1213 732 1381 798 sententias
1489 729 1490 796 Ϊ

331 845 368 888 ac
382 821 502 888 verba?
528 824 596 887 Cur
610 845 630 886 a
642 820 868 919 recentioribus
882 843 921 885 ne
935 834 1077 886 veterum
1095 821 1224 920 quidem
1247 818 1382 884 auctori-

333 921 383 976 tas
404 908 438 973 iu
459 908 496 973 iis
522 908 668 974 notandrs
691 907 939 972 ednuttebatur?
976 930 1033 973 cur
1056 907 1198 996 religioni
1220 908 1382 972 duxerunt

333 994 392 1060 viri
406 995 490 1060 docti
505 994 650 1059 dubitare
665 994 704 1059 de
723 993 808 1073 locis,
824 994 865 1059 de
883 992 1037 1082 partibus,
1050 995 1084 1058 in
1101 994 1311 1082 suspicionem
1329 1017 1384 1057 vo

333 1081 433 1148 catis?
457 1083 575 1146 Verum
590 1080 630 1145 de
647 1080 697 1144 his
718 1079 784 1145 alio
798 1080 832 1145 in
847 1083 996 1146 Excursu
1011 1080 1070 1146 erit
1092 1082 1272 1170 agendum
1297 1101 1383 1144 nunc
1489 1099 1490 1120 ¹

333 1169 374 1233 de
388 1167 556 1256 rhapsodia
566 1179 734 1255 postrema.

378 1253 526 1333 Praeivit‚
543 1253 569 1318 si
589 1255 670 1320 bene
691 1252 829 1332 memini,
848 1253 958 1319 ceteris
982 1251 1106 1319 lansius
1133 1254 1237 1322 Obss„
1249 1253 1290 1316 de
1313 1252 1385 1317 stilo

335 1341 468 1406 Homeri
491 1341 533 1405 ad
554 1340 669 1406 calcem
690 1341 864 1406 Lucubrat.
893 1341 1032 1430 Hesych.
1057 1365 1088 1429 p.
1104 1340 1252 1411 2901000
1266 1340 1308 1404 ab
1323 1339 1383 1403 Er-

333 1428 444 1507 nestio,
459 1451 587 1516 quoque
605 1441 795 1492 memorato:
820 1449 915 1578 pluam
925 1449 1086 1525 apponere
1105 1427 1193 1492 haud
1212 1426 1382 1525 gravabor.

334 1522 357 1556 “
373 1515 482 1580 Iliadis
496 1514 607 1579 ultima
620 1513 768 1578 videntur
787 1513 827 1578 m'
853 1537 977 1578 1·mm1s
999 1513 1149 1614 languida
1162 1536 1222 1614 pro
1240 1535 1395 1578 omarum.
1489 1529 1490 1540 ¹

335 1609 357 1643 ‘⁴
371 1602 512 1691 priorum
526 1601 624 1688 hujus
637 1600 740 1688 operis
762 1585 974 1665 membrorum
998 1601 1109 1688 spuitu
1123 1623 1159 1665 ac
1173 1624 1204 1684 ui
1247 1622 1301 1676 re;
1326 1623 1389 1665 nec
1489 1637 1490 1696 ἦ

332 1696 357 1767 ,“
372 1702 450 1768 arte,
474 1687 628 1776 dignitate
652 1710 689 1752 ac
718 1686 882 1775 splendore
910 1710 984 1752 cum
1008 1687 1267 1776 praecedentius
1292 1711 1384 1775 posse
1489 1715 1490 1770 ί

335 1783 357 1816 “
372 1775 573 1864 comparari.”
617 1772 717 1839 Nulla
735 1787 781 1840 est
802 1773 980 1862 rhapsodia,
995 1773 1029 1838 in
1051 1797 1116 1862 qua
1136 1796 1200 1838 non
1222 1785 1285 1838 smt
1307 1796 1386 1838 non-

333 1861 422 1926 nulla
436 1885 518 1950 quae
532 1859 584 1926 lan
616 1873 713 1940 ‘eant,
730 1861 838 1926 saltem
853 1861 893 1926 ad
908 1884 1033 1926 sensum
1047 1873 1198 1926 nostrum.
1245 1861 1386 1926 Omnino
1489 1891 1490 1894 ¹

334 1971 410 2014 vero
423 1948 485 2014 hoc
499 1947 579 2014 subt'
606 1969 644 2013 us
658 1960 705 2012 est
728 1948 956 2013 enuntiandum
971 1961 1003 2012 et
1028 1947 1187 2036 languoris
1201 1969 1330 2011 caussae
1352 1963 1384 2012 et
1489 1979 1490 2018 i

334 2034 471 2100 rationes
483 2047 557 2100 sunt
571 2033 784 2136 excutiendae:
831 2035 1002 2134 Languent
1016 2033 1077 2098 alia
1090 2034 1167 2099 vitio
1186 2033 1320 2121 legentis
1335 2033 1385 2098 vel

335 2119 502 2200 audientis,
518 2121 622 2186 taedio
636 2144 676 2186 ex
691 2121 787 2186 animr
801 2121 979 2186 remissione
993 2133 1088 2204 nato;
1111 2121 1262 2209 languere
1277 2121 1386 2186 viden·
1489 2167 1490 2192 ,

336 2220 390 2272 tur
403 2207 465 2274 alia
482 2221 664 2295 comparata
685 2231 758 2274 cum
783 2208 850 2274 aliis
872 2230 988 2296 magno
1009 2230 1081 2273 cum
1103 2209 1217 2273 effectu
1239 2207 1333 2273 dictis
1354 2221 1385 2272 et

335 2294 488 2370 narratis3
513 2293 573 2360 alia
587 2293 663 2359 vitio
684 2295 824 2383 ipsarum
839 2317 956 2374 rerum,
972 2317 1054 2394 quae
1078 2317 1142 2359 non
1159 2294 1279 2359 habent
1296 2295 1385 2384 quod

273 2457 274 2460 Ἴ
335 2381 476 2446 animum
491 2379 582 2446 valde
605 2395 747 2457 moveat3
771 2381 832 2447 alia
844 2381 922 2446 vitio
942 2380 1109 2470 scriptoris,
1125 2380 1181 2468 qui
1202 2382 1298 2446 rebus
1313 2381 1385 2446 satis

336 2467 498 2556 diguitatis
511 2480 544 2533 et
557 2467 719 2556 gravitaus
733 2467 891 2620 irplpertire
910 2467 998 2533 haud
1020 2466 1120 2549 novit,
1134 2467 1278 2556 adeoque
1299 2468 1384 2556 inge-

336 2554 390 2618 nio
404 2566 436 2619 et
449 2568 516 2619 arte
534 2554 622 2619 haud
644 2555 717 2638 satis
731 2580 752 2619 v
783 2555 848 2630 uit;
873 2553 944 2634 alia,
960 2555 1036 2642 quia
1057 2575 1130 2618 cum
1154 2577 1277 2619 summa
1291 2578 1384 2643 argu-

336 2641 434 2708 menti
448 2663 510 2706 non
527 2654 600 2705 sunt
621 2640 792 2708 necessario
805 2664 888 2706 nexa
901 2653 933 2706 et
947 2640 1121 2729 conjuncta.
1168 2641 1222 2706 Ita
1235 2639 1384 2730 languere

337 2726 436 2792 videri
450 2740 582 2814 possunt
595 2750 653 2815 per
667 2751 699 2792 se
714 2728 818 2792 omnia
831 2751 912 2816 quae
925 2742 997 2816 post
1012 2727 1159 2792 Hectoris
1169 2723 1298 2792 caedem
1313 2743 1385 2793 sunt
1489 2805 1490 2808 Ἴ

337 2826 528 2888 memorata3
551 2813 704 2902 languent
716 2815 785 2880 ludi
793 2815 951 2894 funebres,
962 2813 1116 2902 languent
1128 2813 1190 2878 alio
1202 2815 1300 2880 modo
1310 2837 1385 2880 non·
1489 2823 1490 2884 T

314 2899 425 2964 'nulla
439 2923 477 2964 ex
497 2899 535 2964 iis
556 2899 743 2976 certamina3
767 2901 959 2988 languebant
981 2913 1087 2965 tamen
1111 2924 1168 2966 nec
1189 2900 1295 2966 minus
1341 2903 1384 2967 ari

338 2987 432 3054 modu
453 2986 584 3052 deorum
613 2986 731 3075 praelia
752 2986 791 3052 ll.
813 2993 851 3052 Φ.
898 2988 951 3052 Ita
971 3010 1046 3052 vero
1075 3010 1170 3074 quam
1196 2925 1340 3054 multal

337 3096 434 3160 guerc
453 3073 522 3161 pari
543 3073 616 3161 jure
644 3073 706 3173 dici
734 3086 880 3163 poterant
905 3073 939 3138 in
963 3074 1121 3164 prioribus
1149 3073 1254 3139 libris!
1280 3075 1385 3140 statim

337 3171 478 3224 extrema
497 3158 569 3224 libri
592 3159 705 3248 primu
729 3184 856 3225 navium
876 3176 909 3225 et
930 3174 1090 3248 copiarum
1116 3183 1260 3226 recensus
1285 3162 1326 3227 Il.
1351 3169 1383 3226 B.
1489 3163 1490 3176 ¹

337 3245 489 3333 pleraque
516 3243 593 3334 libri
611 3246 713 3322 tertii;
738 3247 781 3312 sic
809 3247 842 3311 in
872 3248 1074 3334 sequentibus
1095 3245 1326 3326 librismulta3
1351 3262 1386 3314 ut

338 3331 459 3398 reditus
474 3333 622 3397 Hectoris
629 3328 668 3397 'in
687 3334 801 3399 urbem·
819 3333 855 3398 ll.
877 3338 911 3397 Z.
930 3357 1039 3422 pugna
1057 3333 1167 3423 Ajacis
1181 3347 1213 3398 et
1238 3335 1386 3401 Hectoris
1476 3389 1490 3410 ,

338 3417 473 3482 nihilad
486 3417 630 3484 carminis
644 3440 798 3484 summam
812 3420 927 3486 faciens
937 3433 973 3485 et
987 3421 1030 3486 sic
1049 3444 1153 3509 porro.
1198 3423 1250 3486 De
1266 3423 1318 3500 his
1341 3421 1385 3487 ni·
1489 3448 1490 3470 r

339 3497 385 3570 hil
402 3503 556 3570 monitum
576 3519 640 3582 est;
664 3519 699 3571 at
710 3505 743 3570 in
756 3506 837 3572 libro
850 3520 1018 3595 postremo,
1034 3508 1122 3595 quod
1136 3519 1200 3572 tam
1214 3509 1386 3590 multa-ha·

333 3585 403 3670 bet,
420 3613 502 3680 quae
511 3591 645 3678 affectus
655 3606 792 3673 movent,
807 3615 889 3681 quae
903 3594 1098 3659 mirationem
1112 3594 1232 3659 faciunt
1246 3596 1384 3661 novitate
1489 3583 1490 3660 l

339 3689 373 3742 et
385 3677 550 3765 gravitate,
564 3701 649 3744 nunc
663 3679 790 3746 tandem
804 3681 953 3768 languere
971 3680 1248 3746 animadvertimus
1260 3683 1364 3748 multa
1373 3689 1394 3756 ;“·
1489 3675 1490 3768 ᾗ

339 3776 374 3828 et
385 3765 608 3852 quaetandem
622 3766 677 3832 illa
690 3778 765 3831 sunt
779 3771 793 3830 l
1489 3787 1490 3792 ’

384 3849 476 3918 Audi
494 3851 637 3917 lensium
657 3852 700 3917 sic
719 3862 918 3951 pergentem:
944 3858 965 3892 “
978 3854 1047 3917 Cur
1061 3851 1144 3916 enim
1158 3873 1222 3932 non
1237 3853 1384 3942 adjicitur

342 3937 598 4003 “universorum
626 3937 806 4004 lamentatio
837 3937 940 4017 simul,
970 3951 1003 4007 et
1031 3938 1196 4027 magnifica
1224 3939 1382 4020 Hectoris,
1489 3969 1490 4024 3

342 4032 365 4066 ‘⁶
402 4045 475 4089 uem
498 4023 544 4109 ibi
569 4023 738 4104 tumulant,
786 4023 963 4106 raedicatio,
985 4045 1051 4113 qua
1070 4025 1115 4091 ita
1136 4025 1213 4092 Ilias
1233 4027 1383 4093 finiatur?
1489 4107 1490 4110 Ἴ

343 4047 749 4210 “begs31oetor,etconsi
771 4134 842 4188 era3
865 4111 986 4178 videbis
1004 4111 1131 4178 ultimos
1153 4114 1268 4179 XXX
1282 4135 1383 4180 vaura

342 4196 552 4286 “simplicem
573 4219 642 4263 esse
660 4196 730 4263 stilo
752 4197 883 4286 simplici
908 4199 1144 4280 enarrationem,
1166 4199 1322 4289 uti'ligna
1342 4199 1380 4265 ad
1489 4217 1490 4273 ζ

343 4283 529 4350 “Hectoris
549 4307 662 4373 rogum
684 4284 802 4350 fuerint
822 4299 986 4374 congesta,
1014 4286 1061 4351 uti
1084 4288 1232 4352 Hectoris
1256 4285 1379 4353 cremati

343 4377 366 4413 “
381 4393 451 4438 ossa
463 4370 496 4436 in
510 4371 725 4453 urnamilecta,
736 4385 940 4444 monumento
954 4387 1167 4462 superstructo
1180 4374 1299 4440 fuerint
1312 4395 1379 4439 con-
1489 4441 1490 4444 ,
