3026 5056
727 383 729 392 ι

1183 413 1187 420 ι

467 551 472 560 ι
584 555 588 562 ι

291 759 612 847 nxcuasus
644 725 731 859 An
762 761 952 846 mmn.
982 777 1025 850 a.
1136 789 1140 796 ·

516 975 799 1026 ...φ-..-

482 1131 765 1199 EXCURSUS
797 1135 825 1199 Ι.

372 1259 423 1326 De
436 1263 604 1327 interuentu
619 1264 787 1363 deorumt‘u
802 1264 950 1329 Homero.

135 1355 451 1466 MINISTERIA
476 1401 621 1480 deorum,
644 1401 761 1488 quibus
782 1417 875 1490 poeta
897 1399 1008 1480 utitur,
1031 1425 1094 1467 non
1117 1416 1180 1470 tam

133 1485 249 1574 ingenii
265 1499 339 1552 sunt
352 1487 429 1552 felix
443 1487 572 1574 aliquod
586 1489 750 1552 inventum
764 1512 861 1574 quam
883 1488 1043 1575 popularis
1064 1489 1181 1576 opinio,

134 1597 202 1636 cum
216 1573 302 1638 inter
316 1573 433 1660 priscos
453 1597 490 1638 ac
512 1574 607 1638 rudes
628 1574 763 1662 populos
785 1572 828 1637 dii
851 1573 998 1638 interesse
1015 1576 1108 1660 rebus
1122 1575 1182 1639 hu·
1242 1572 1247 1578 ’

133 1660 233 1724 manis
254 1659 317 1724 sint
337 1659 466 1734 crediti;
490 1660 532 1724 ad
553 1684 649 1746 quam
671 1659 849 1747 opinionem
868 1659 1009 1724 homines
1023 1660 1113 1725 facile
1128 1661 1183 1724 ad-

133 1745 201 1810 duci
217 1745 359 1810 debuere
373 1747 488 1834 partim
503 1769 694 1826 caussarum,
710 1771 730 1810 a
744 1746 861 1834 quibus
878 1769 1023 1833 quaeque
1044 1747 1183 1834 proficis-

133 1845 288 1911 cerentur,
304 1832 509 1919 ignoratione,
525 1833 640 1920 partim
661 1832 871 1920 persuasione,
887 1856 953 1897 esse
974 1833 1105 1898 numina
1126 1833 1182 1898 ho-

133 1919 254 1984 minum
277 1917 432 1983 simillima
453 1919 591 2005 corporis
613 1919 724 2006 specie,
745 1919 881 2017 ingenio,
896 1918 991 1984 animi
1013 1919 1183 1985 affectioni-

133 2005 190 2070 bus
214 2018 250 2070 et
273 2005 394 2070 studiis.
440 2008 524 2071 Cum
545 2005 652 2093 itaque
673 2030 693 2069 a
713 2005 867 2092 partibus,
894 2005 947 2068 alii
971 2005 1180 2086 Achivorum,

26 2157 27 2180 χ
131 2092 181 2156 alii
197 2092 414 2180 Trojauorum
436 2106 564 2173 starent,
586 2091 714 2159 inventa
731 2093 810 2181 jam,
831 2092 940 2158 saltem
962 2106 1072 2180 parata
1092 2095 1183 2159 erant

132 2179 255 2268 reliqua
268 2177 382 2244 omnia

174 2268 380 2332 Interventus
394 2280 499 2332 tamen
509 2269 543 2332 hi
554 2267 764 2350 etministeria
774 2267 904 2333 deorum
919 2290 983 2333 uon
997 2267 1092 2334 unius
1106 2281 1181 2334 sunt

132 2353 272 2451 generis3
297 2353 358 2418 alia
380 2378 454 2419 cum
479 2355 547 2443 ipsa
572 2355 692 2421 actione
714 2355 802 2506 Ἑιῦω
824 2357 992 2444 conjuncta
1015 2369 1099 2433 sunt,
1126 2368 1182 2420 ant
1280 2405 1282 2412 .

133 2452 225 2504 ettam
246 2453 368 2528 partem
390 2442 460 2529 ejus
481 2442 696 2517 constituunt;
751 2442 757 2454 ’
794 2456 884 2508 extra
897 2466 967 2508 eam
982 2454 1056 2505 sunt
1070 2440 1183 2505 consti-

133 2538 220 2603 tuta;
246 2539 320 2592 sunt
335 2528 462 2592 tandem
476 2553 558 2615 quae
572 2552 659 2594 mera
673 2542 747 2593 sunt
765 2543 948 2594 ornamenta
968 2553 988 2594 a
1008 2527 1183 2615 priscorum

133 2611 296 2679 hominum
323 2615 481 2701 cogitandi
503 2628 535 2678 et
553 2615 704 2702 loquendi
726 2638 812 2680 more
834 2615 938 2680 ducta.
985 2616 1038 2679 Ita
1058 2613 1184 2702 Apolli-

132 2721 202 2764 nem
218 2699 340 2788 sagittis
354 2702 495 2766 Achivos
508 2715 714 2800 prosternere,
729 2704 753 2766 J
754 2726 844 2767 ovem
859 2726 879 2765 a
894 2701 1033 2766 Thetide
1050 2698 1182 2778 exorari,
1263 2757 1269 2772 ,

132 2785 173 2850 ad
187 2788 288 2876 ipsam
303 2787 457 2852 actionem
478 2811 598 2877 epicam
621 2812 635 2852 s
693 2803 759 2854 tare
780 2788 916 2863 dixeris;
939 2788 984 2852 ita
1004 2811 1109 2885 porro,
1126 2788 1150 2850 J
1151 2810 1184 2850 o-

134 2895 204 2936 vem
230 2897 250 2938 a
270 2875 400 2938 Jnnone
422 2875 455 2938 in
476 2888 582 2939 monte
606 2876 622 2939 1
687 2876 721 2938 in
742 2875 887 2939 fraudem
908 2874 1034 2947 induc1;
1059 2871 1185 2936 Panda-

26 2970 27 2989 *
135 2980 207 3022 rum
222 2983 241 3023 a
255 2959 403 3024 Minerva
417 2960 544 3038 adduci,
565 2975 602 3024 ut
624 2959 774 3024 Menelao
795 2959 909 3047 sagitta
929 2981 1077 3046 percusso
1091 2956 1184 3022 indu-

133 3043 199 3109 ciae
221 3045 398 3122 solvantur;
423 3046 555 3112 deorum
577 3069 673 3134 opera
693 3045 789 3110 modo
803 3045 945 3110 Achivos
959 3044 1055 3110 modo
1070 3044 1184 3132 Troja-

26 3133 27 3180 Τ
133 3153 190 3195 nos
212 3139 322 3222 pug'na
346 3135 520 3221 superiores
546 3157 630 3208 esse;
654 3133 731 3198 haec
753 3145 785 3196 et
806 3132 907 3197 multa
928 3130 1040 3198 similia
1060 3131 1095 3197 in
1115 3131 1185 3219 ipsa

130 3218 254 3283 actione
276 3220 365 3307 epica
385 3220 555 3285 constituta
569 3243 643 3285 esse.
689 3222 810 3285 Contra
824 3233 897 3285 sunt
912 3219 982 3298 alia,
999 3243 1080 3306 quae
1095 3231 1186 3283 extra

133 3327 202 3369 eam
224 3330 291 3372 esse
312 3306 439 3386 dixeris,
454 3321 492 3373 ut
515 3305 704 3396 Sarpedonis
725 3329 839 3394 eorpus
859 3330 878 3370 a
898 3309 1014 3372 Somno
1029 3318 1061 3378 et
1075 3308 1185 3371 Morte

26 3469 27 3484 χ
130 3391 362 3480 absportatum,
379 3394 549 3474 octonorio,
565 3392 743 3482 Apollinem
759 3417 778 3456 a
792 3395 875 3457 Jove
889 3393 931 3457 ad
950 3394 1123 3457 Hectorem
1144 3413 1184 3456 ex

131 3478 263 3544 vulnere
284 3478 490 3545 recreandum
512 3481 652 3559 missum,
668 3493 699 3544 et
718 3479 760 3544 sic
779 3478 848 3562 alia.
893 3481 946 3544 Ex
968 3479 1028 3546 hoc
1049 3477 1185 3544 maxime

129 3588 247 3651 genere
268 3567 371 3631 multa
392 3578 467 3632 sunt
487 3565 627 3656 episodia
646 3567 797 3654 profecta,
818 3567 937 3655 majora
957 3564 1128 3643 minorave,
1148 3574 1186 3628 ut
1216 3635 1223 3647 .

132 3651 253 3716 vallum
275 3653 474 3718 Achivorum
495 3675 515 3718 a
536 3655 689 3740 Neptuno
705 3651 875 3740 aliquando
890 3653 1103 3727 destructum
1127 3675 1187 3738 pu-

128 3760 199 3824 gna
212 3739 344 3804 deorum
358 3739 411 3805 lib.
430 3741 514 3806 XX,
531 3754 563 3805 et
580 3739 685 3810 XXI.
716 3739 861 3806 Tandem
883 3740 965 3804 inter
986 3739 1097 3804 modos
1117 3760 1188 3802 uar-

131 3825 226 3891 randi
239 3826 396 3913 antiquos,
434 3827 529 3892 uibus
544 3850 598 3910 res
617 3840 649 3892 et
670 3827 753 3891 facta
767 3826 809 3891 ad
823 3826 1010 3892 miraculum
1023 3826 1187 3891 adducun-

131 3924 199 3991 tur,
215 3913 358 3992 referam,
375 3913 400 3977 si
412 3850 459 3978 dii
472 3913 629 3979 intersunt
649 3936 786 4001 pugnae,
809 3911 986 3992 hortantur,
1002 3911 1185 3988 incendunt,

131 4012 281 4085 pugnant
302 3999 373 4086 ipsi,
391 3999 615 4075 vidnerantur3
640 4013 696 4065 aut
718 4014 852 4080 servant,
876 4000 1039 4066 abducunt
1062 4017 1188 4082 supera-

131 4097 184 4148 tos
206 4085 246 4150 ab
267 4086 357 4150 hoste
379 4085 429 4150 vel
450 4087 630 4152 vulneratos
650 4085 787 4174 eripiunt
806 4086 928 4185 objecta
942 4086 1025 4151 hosti
1046 4077 1185 4168 caligine.

130 4171 190 4240 Ita
215 4171 241 4234 si
267 4171 431 4236 Somnium
452 4174 494 4237 ad
517 4175 787 4260 Agamemnonem
814 4173 961 4250 mittitur,
988 4172 1013 4236 si
1039 4168 1188 4234 Minerva

129 4255 228 4320 ,Iovis
245 4257 338 4344 jussu
360 4259 445 4324 caelo
466 4258 595 4347 delapsa
609 4259 758 4347 Ulyssem
779 4259 935 4337 hortatur,
952 4270 988 4321 ut
1008 4255 1149 4321 Achivos
1168 4278 1189 4320 a

129 4342 263 4414 consilio
277 4343 455 4410 discedendi
479 4360 612 4426 revocet,
629 4364 685 4410 aut
700 4345 725 4410 si
741 4345 794 4412 illa
810 4343 944 4410 Achillis
962 4341 1041 4410 iram
1056 4341 1188 4433 compri-

659 4453 676 4499 B
