3008 5056
321 307 384 384 136
666 314 920 384 EXCURSUS
942 316 1012 382 ΙΙΙ.

318 491 429 556 riosus.
475 491 556 554 Erat
573 501 679 555 tamen
701 504 774 556 ante
792 491 898 558 omnia
914 503 1051 582 utraque
1065 491 1141 560 haec
1155 490 1261 556 critica
1274 490 1362 556 adhi-

319 577 434 657 benda,
449 587 567 642 etcum
581 576 625 641 de
635 577 780 641 carminis
793 589 862 642 tum
876 577 917 642 de
934 576 1128 666 singularum
1149 577 1287 676 partium
1309 599 1363 642 ns·

321 677 393 729 tura
413 678 445 728 et
463 663 583 728 ratione
602 687 639 728 ao
654 663 728 744 tide,
752 677 821 728 tum
840 665 880 730 de
900 677 1037 744 auctore,
1053 663 1199 728 subtihus
1211 686 1364 751 quaeren-

319 751 419 826 dum;
442 773 480 815 eo
493 748 560 814 fere
573 750 668 814 modo
704 774 747 815 uo
762 751 819 815 viri
839 749 923 816 docti
941 749 1188 838 inexquirenda
1208 750 1364 816 Mosaioo-

220 907 222 915 ,
319 860 392 901 rum
407 835 662 924 reliquorumque
676 836 698 901 l1
720 859 828 902 rorum
841 837 1059 903 hebraicorum
1069 849 1170 902 aetate
1184 851 1217 902 et
1230 837 1365 902 auctori-

320 936 385 988 tate
399 922 511 990 versati
531 937 613 988 sunt
658 924 756 989 Unde
774 923 970 1012 intelligitur,
985 924 1026 989 ab
1041 923 1202 1006 subtiliore
1219 923 1365 989 carminis

322 1009 483 1075 Homerici
499 1009 615 1089 critica,
631 1033 704 1074 cum
725 1009 897 1076 multarum
918 1034 1036 1090 rerum,
1058 1023 1126 1075 tum
1148 1009 1295 1076 historiae
1316 1033 1366 1074 ar-

322 1097 402 1162 tium
416 1097 497 1162 inter
508 1098 645 1162 Graecos
660 1096 844 1186 antiquioris
857 1097 977 1176 solatia,
992 1097 1086 1162 fidem
1100 1096 1365 1162 etauctoritatem

319 1184 385 1249 fere
399 1206 523 1249 omnem
536 1183 682 1271 pendere.
745 1201 748 1208 '

364 1270 534 1336 Videamus
555 1269 651 1358 igitur
672 1271 775 1360 primo
796 1271 874 1350 loco,
895 1294 968 1336 cum
988 1268 1107 1357 clipeus
1127 1270 1178 1334 hic
1193 1269 1286 1334 variis
1299 1292 1365 1334 me-

321 1356 402 1422 tallis
415 1357 567 1423 conflatus
582 1358 632 1434 sit,
647 1357 813 1445 variaeque
834 1357 867 1422 in
884 1381 922 1423 eo
941 1356 1058 1445 species
1076 1379 1249 1445 expressae,
1265 1359 1363 1444 quam

319 1445 458 1532 perfecta
476 1457 508 1508 et
528 1466 609 1531 pene
630 1443 774 1510 absoluta
794 1467 844 1508 ars
861 1445 929 1533 jam
951 1457 1020 1508 tum
1041 1465 1107 1508 esse
1127 1443 1283 1523 debuerit,
1299 1443 1365 1528 sive

321 1533 478 1596 materiem
492 1543 622 1619 spectes,
638 1529 702 1595 sive
721 1553 819 1596 rerum
832 1529 957 1613 somnos
976 1541 1006 1595 ct
1025 1539 1216 1617 argumenta,
1232 1530 1297 1594 sive
1311 1531 1362 1594 in-

319 1618 443 1703 gmmm
456 1618 535 1705 ejus,
551 1641 571 1681 a
584 1639 649 1716 quo
664 1615 733 1682 talis
747 1640 853 1682 rerum
865 1639 1032 1705 compages
1045 1615 1197 1704 proficisci
1210 1616 1363 1704 potuerit,

319 1704 509 1792 omninoque
523 1727 626 1791 opens
639 1703 703 1767 vim
718 1717 750 1769 et
764 1703 915 1770 rationem
928 1727 1002 1769 cum
1016 1702 1143 1768 oonsilio
1162 1725 1217 1768 seu
1237 1702 1366 1786 artificis

319 1815 375 1855 seu
389 1804 508 1878 poetae.

364 1877 503 1966 vestigia
522 1878 597 1942 artis
610 1891 758 1966 ‚spectant
777 1877 837 1944 alia
855 1879 898 1944 ad
916 1881 1077 1944 materiam
1090 1877 1150 1943 alia
1163 1877 1202 1942 ad
1219 1875 1284 1963 ejus
1301 1877 1364 1942 tra-

320 1965 481 2028 ctationem
495 1988 554 2054 pro
567 1977 653 2030 certo
666 1964 801 2031 oonsilio.
846 1968 949 2031 Arma
962 1978 994 2031 et
1007 1965 1121 2054 clipeos
1137 1964 1284 2052 ijanis
1294 1964 1364 2052 jam

319 2051 514 2139 temporibus
528 2075 567 2116 ex
581 2075 653 2116 aere
666 2053 749 2118 facta
761 2052 917 2140 variisque
937 2050 1125 2117 ornamentis
1145 2050 1297 2149 insignita
1315 2050 1366 2116 fu-

319 2134 379 2201 isse
405 2160 497 2202 uemo
521 2138 694 2204 mirabitur.
741 2141 782 2204 In
806 2139 866 2204 hoc
890 2151 995 2205 tamen
1019 2137 1154 2204 Achillis
1178 2137 1279 2224 clrpeo
1303 2161 1366 2201 non

319 2223 415 2288 modo
428 2223 561 2289 fundere
574 2224 709 2305 metalla,
724 2226 780 2292 sed
792 2226 865 2291 fusa
877 2225 970 2290 variis
983 2224 1085 2294 modis
1104 2223 1242 2303 miscere,
1257 2221 1368 2288 colori-

317 2307 380 2374 bus
395 2335 432 2376 ea
445 2310 596 2392 imbuere,
612 2335 711 2399 eaque
724 2311 806 2377 inter
821 2336 853 2378 se
867 2311 1052 2390 consociare,
1065 2323 1185 2377 norant.
1210 2312 1251 2375 In
1265 2310 1367 2398 clipeo

321 2420 360 2460 ex
375 2421 445 2463 aere
459 2411 641 2476 coruscante
655 2399 798 2464 videmus
812 2399 978 2464 eminuisse
992 2423 1032 2463 ex
1047 2421 1125 2462 auro
1139 2397 1258 2464 factum
1274 2399 1365 2462 Mar-

320 2497 384 2547 tem
405 2507 478 2549 cum
498 2486 664 2564 Minerva:
690 2488 763 2553 517.
787 2485 871 2569 ἄμφω
894 2484 1034 2573 χρυσείω,
1056 2485 1181 2572 χρύσεια
1205 2486 1232 2548 δὲ
1258 2485 1364 2566 εἵματα

320 2569 405 2647 ἕσθην.
451 2572 541 2658 Ager
555 2572 739 2636 flavescente
753 2571 819 2636 solo
833 2571 926 2638 sulcis
940 2571 1166 2659 nigricantibus
1179 2594 1223 2635 vs.
1240 2574 1317 2636 548.
1333 2573 1362 2641 9.

322 2654 437 2737 (solum
459 2657 542 2744 agri)
559 2659 699 2740 μελαίνετ’
721 2657 828 2722 ὄπισθεν
849 2657 999 2746 ἀρηρομένῃ
1022 2659 1049 2722 δὲ
1071 2656 1148 2743 ἐῴκει
1168 2656 1289 2744 χρυσείη
1313 2683 1363 2744 περ
1437 2721 1443 2736 ,

319 2741 399 2805 οὖσα.
426 2741 512 2808 vides
538 2743 639 2808 solum
661 2743 857 2810 rubricosum
882 2767 961 2808 auro
984 2743 1144 2828 redditum
1169 2766 1245 2822 esse,
1269 2743 1363 2831 eique

319 2828 577 2916 superinductum
592 2830 698 2919 aliqua
710 2834 800 2919 p‘arte
815 2830 948 2896 colorem
963 2831 1105 2895 fuscum:
1129 2829 1234 2916 aliqua
1255 2829 1364 2918 itaque

318 2927 384 2979 arte
406 2928 463 2980 aut
481 2915 585 3004 ipsum
605 2940 718 2982 aurum
741 2917 843 2983 colore
862 2917 924 2981 fuit
943 2917 1113 2996 imbutum,
1127 2930 1183 2980 aut
1197 2915 1284 2981 aliud
1300 2939 1363 2981 me-

317 3000 428 3067 tallum
447 3003 527 3068 fusci
547 3003 657 3069 coloris
679 3003 927 3092 superadditum,
943 3004 1025 3068 forte
1038 3004 1150 3069 lusura
1163 3001 1269 3090 aliqua
1283 3003 1363 3068 mix-

317 3099 395 3157 tum.
441 3089 540 3154 Vinea
559 3103 668 3155 estex
691 3113 780 3170 auro,
804 3089 873 3156 uvis
895 3090 1073 3179 purpureis,
1096 3089 1175 3178 palis
1195 3091 1362 3177 argenteis,

315 3173 399 3238 fossa
413 3175 563 3255 caerulea,
580 3190 669 3265 septo
682 3201 721 3241 ex
736 3177 881 3264 cassitero
895 3201 954 3260 vss.
971 3177 1035 3243 562
1051 3200 1095 3264 sq.
1124 3178 1246 3241 Iterum
1261 3200 1362 3242 novae

316 3259 444 3326 fusuras
458 3285 508 3326 ars
522 3263 675 3339 occurrit;
699 3262 784 3328 color
802 3286 983 3352 purpureus
995 3276 1028 3328 et
1041 3262 1218 3328 caeruleus:
1241 3264 1360 3346 μέλανες

316 3345 440 3432 βότρυες,
456 3361 488 3413 et
503 3351 599 3428 κυανέη
615 3351 741 3426 κάπετος.
788 3352 889 3415 Porro
902 3349 934 3413 in
953 3349 1021 3416 loco
1039 3350 1080 3415 de
1099 3349 1245 3414 armentis
1264 3350 1361 3415 boves

315 3455 394 3496 auro
408 3447 440 3498 et
457 3434 601 3500 cassitem
622 3436 732 3516 efficti,
745 3449 783 3500 ut
800 3436 884 3501 color
901 3435 1010 3502 fulvus
1027 3451 1059 3502 et
1077 3435 1228 3501 candidus
1249 3437 1360 3503 redde·

314 3532 413 3598 retur,
442 3532 510 3585 tum
535 3537 674 3610 pastores
699 3547 737 3587 ex
764 3547 842 3590 auro
867 3547 911 3588 vs.
939 3527 1012 3594 574.
1038 3527 1111 3593 577.
1157 3523 1304 3587 Tandem
1328 3517 1359 3587 in

272 3653 276 3662 ,
315 3606 434 3671 choreis
455 3609 609 3697 pugiones
630 3609 819 3692 saltantium⁴
831 3611 917 3674 aurei
932 3633 971 3676 ex
986 3610 1140 3698 argenteis
1160 3609 1271 3674 balteis
1293 3633 1358 3676 sus-

355 3692 402 3756 nsi
417 3717 461 3758 vs.
477 3697 550 3766 598.

315 3717 538 3845 peRudiorum
562 3781 726 3848 hominum
749 3784 889 3852 sensibus
908 3784 1059 3864 colorum,
1081 3783 1115 3847 iu
1137 3783 1222 3847 rimis
1240 3782 1359 3848 lucido-

314 3889 397 3949 rum,
420 3868 600 3933 varietatem
625 3870 753 3935 mlrifioe
778 3871 915 3958 probari,
940 3872 1034 3936 etiam
1060 3807 1147 3934 nulli)
1166 3868 1288 3956 judicio
1313 3868 1359 3952 fa-

314 3968 407 4035 ctam,
434 3969 510 4020 nota
533 3977 583 4019 res
608 3971 673 4031 est;
686 4001 690 4009 -
704 3957 902 4045 adstupuisse
915 3981 980 4042 ‘eos
1004 3957 1097 4022 etiam
1121 3955 1253 4020 metallis
1273 3956 1359 4020 varie

313 4041 491 4129 compositis
509 4055 751 4108 cousentaneum
772 4057 838 4118 est;
862 4057 894 4108 et
908 4043 1033 4126 metalla
1052 4042 1221 4131 aliquando
1234 4066 1271 4107 ea
1284 4065 1355 4107 cum

313 4141 380 4192 arte
402 4141 534 4194 tractata
554 4151 630 4207 esse,
653 4129 739 4194 haud
761 4154 932 4218 negamus;
955 4129 1135 4218 quaerimus
1157 4142 1358 4216 tantumque

314 4226 422 4278 aetate.
470 4219 551 4280 Saue
571 4215 664 4281 etiam
686 4217 718 4280 in
734 4216 981 4305 Agamemnonis
1002 4218 1127 4282 thorace
1143 4216 1182 4302 Il.
1198 4221 1235 4280 A.
1254 4220 1295 4288 19
1310 4240 1353 4302 sq.

316 4300 456 4365 videmus
485 4303 587 4390 virgas
615 4303 808 4374 diversorum
838 4304 1034 4370 metallorum
1059 4305 1154 4392 juxta
1183 4328 1214 4366 se
1243 4302 1356 4392 positas
