2998 5052
347 363 413 432 278
566 361 817 427 EXCURSUS
840 360 890 424 II.
923 359 1092 426 SECTIO
1117 360 1175 426 lv.

346 514 408 598 alio
429 531 569 619 tempore
590 532 744 598 declaravi
761 533 793 596 in
816 529 991 597 Commeat
1007 534 1046 596 dc
1065 531 1192 616 animati
1207 530 1337 596 Homeri
1352 529 1391 594 le-
1438 607 1445 618 1

131 699 134 706 ¹
206 667 210 676 .
347 621 446 684 ctione
462 617 528 682 Vol.
545 619 653 684 XIII.
682 620 927 686 Commentarios.
944 618 1011 684 Soc.
1028 618 1068 682 R.
1085 613 1354 700 SciantGottiag.

329 755 331 760 ,
363 749 366 758 .
391 707 440 770 Ut
465 705 572 806 paullo
595 704 723 770 liberius
748 706 788 770 de
816 705 865 769 his
889 704 1135 792 pronuntiarem,
1160 717 1289 803 gratum
1319 701 1391 781 fuit,

229 809 231 816 ·
346 790 433 877 quod
447 813 529 856 vlam
540 815 607 878 yam
621 791 756 856 munivit
771 791 919 870 Wolfius,
931 791 1021 878 cujus
1036 805 1126 855 aetite
1138 791 1303 878 disputata
1316 787 1392 851 mihi

346 876 494 964 longioris
515 877 734 964 disputationis
753 877 852 941 otium
873 878 1034 942 fecerum:
1058 877 1155 964 digna
1177 876 1289 962 utique
1307 897 1392 962 quac

345 963 459 1040 iterum
480 963 695 1049 inspiciantur.
739 963 910 1050 Subjiciam
931 975 1055 1028 tantum
1075 963 1236 1042 nonnulla,
1251 984 1336 1048 quae
1356 971 1394 1024 ut

334 1048 454 1135 'paullo
467 1048 591 1136 longius
605 1050 816 1136 procederem,
831 1063 964 1114 metum
979 1065 1156 1126 movenmt,
1166 1071 1253 1126 oum,
1266 1071 1309 1111 ex
1324 1045 1394 1110 reli-

276 1141 279 1147 '
346 1156 482 1232 quprum
496 1157 580 1198 nexu
595 1149 626 1198 et
640 1136 759 1214 ordine,
775 1135 808 1198 in
821 1136 898 1200 haec
917 1157 1044 1222 quoque
1061 1134 1228 1200 intentiore
1247 1155 1327 1198 cura
1345 1133 1393 1196 in-

346 1241 511 1306 qiurerem.

219 1281 225 1296 ⁹
259 1311 262 1318 “
390 1306 468 1370 Fuit
490 1307 756 1372 Pisistratidarum
778 1322 863 1372 aetas
883 1329 931 1385 ea,
946 1307 980 1370 in
1002 1327 1066 1393 que
1081 1304 1326 1370 Atheniensium
1348 1305 1395 1368 in-

247 1519 249 1526 .
346 1391 1394 1566 tithtttthqtlh’ftttlltlthittltftltttitt

344 1586 535 1651 operamque
563 1579 794 1630 consecrarunt.
839 1565 1050 1630 Effloruerant
1078 1563 1200 1628 litterae
1225 1564 1294 1650 jam
1322 1576 1392 1628 tum

344 1649 426 1714 iuter
448 1652 587 1716 Graecos
609 1651 717 1730 Asiae,
742 1651 862 1716 Siciliae
887 1665 919 1716 et
945 1650 1074 1725 Italiac3
1101 1648 1200 1748 lyrica
1223 1648 1329 1736 poesis
1352 1650 1393 1714 ad

345 1757 499 1802 summam
521 1737 646 1802 laudem
668 1751 872 1825 pervencrst;
894 1737 970 1802 artis
991 1736 1178 1800 draruatrcae
1198 1735 1394 1800 incunabula

343 1822 376 1884 in
401 1823 514 1902 Sicilia,
537 1847 621 1888 nunc
642 1838 797 1888 maturam
818 1835 951 1888 aetnam
973 1822 1110 1887 Athenis
1130 1821 1279 1886 habuere.
1328 1825 1393 1886 Per

343 1907 420 1972 haec
441 1907 508 1973 tem¹
604 1910 699 1975 etiarn
721 1909 836 2008 Ingenii
861 1909 994 1996 alicujus
1018 1907 1149 1972 felicitas
1174 1907 1310 1973 existere
1336 1931 1393 1996 po-

344 1993 416 2073 tuit,
428 1931 585 2082 quod-iiii¹
632 1996 693 2060 ‘am
713 1996 792 2083 epici
809 1995 953 2060 carminis
974 2008 1119 2058 naturam
1140 1994 1345 2082 perspiceret,
1361 2009 1393 2058 et

331 2080 398 2228 Spin
405 2103 479 2144 eum
499 2081 576 2145 mod
610 2105 664 2145 um
684 2081 865 2169 rhapsodias
882 2082 948 2168 jam
969 2094 1042 2145 ante
1061 2079 1202 2144 connecti
1223 2079 1333 2145 solitas
1345 2097 1395 2145 or-

335 2193 338 2202 ’
399 2179 475 2230 aret.

388 2254 477 2330 Quae
491 2252 595 2318 adhuc
609 2253 769 2342 disputata
784 2265 868 2332 sunt,
879 2253 959 2318 bene
971 2253 1143 2318 concdtuta
1153 2275 1219 2316 esse
1228 2252 1393 2332 ridentur,
1427 2292 1430 2298 ·

344 2352 500 2427 quatenus
514 2340 554 2403 de
568 2337 816 2404 Atheniensibus
834 2339 948 2426 agitur.
993 2342 1042 2404 At
1062 2339 1146 2404 enim
1163 2339 1323 2403 diversam
1345 2363 1393 2404 re-

342 2446 415 2488 rum
429 2425 540 2489 faciem
554 2423 648 2514 objici
662 2426 764 2505 video,
781 2425 806 2490 si
822 2426 930 2490 Ioniae
948 2447 1005 2512 per
1023 2425 1132 2489 eadem
1152 2437 1298 2512 tempora
1316 2447 1390 2490 oon-

343 2509 492 2575 ditiouem
508 2525 539 2575 ct
553 2513 713 2577 fortunam
733 2515 888 2600 comparo.
934 2514 974 2576 Iu
990 2511 1069 2575 Asia
1088 2511 1171 2574 enlm
1182 2511 1266 2575 etin
1278 2511 1393 2576 iusulis

337 2597 406 2682 jam
421 2609 493 2661 ante
509 2597 775 2663 Pisistratidarum
792 2611 935 2686 tempora
948 2611 979 2662 et
992 2610 1065 2662 ante
1077 2597 1228 2661 Solonem
1242 2598 1392 2662 Archou-

338 2695 405 2747 -tem
430 2683 528 2770 Olym
554 2733 561 2748 .
590 2685 720 2764 XLVI,
745 2688 766 2748 3
794 2684 1057 2772 praestantissima
1083 2682 1220 2770 ingenia,
1248 2683 1391 2770 poetices

341 2769 489 2847 maxime,
532 2783 688 2850 oruerant.
734 2773 875 2858 Magnus
896 2784 1076 2858 poematum
1097 2791 1249 2833 numerus
1270 2791 1391 2834 memo·

340 2868 440 2934 ratur,
463 2855 620 2942 aquibus
638 2856 742 2946 mythi
764 2857 896 2944 antiqui,
918 2856 1014 2944 inque
1035 2856 1084 2920 his
1106 2856 1225 2920 Troica
1245 2856 1390 2943 exposita

340 2940 477 3020 fuerant,
506 2943 647 3031 Cyclicos
674 2957 782 3031 poetas
810 2942 1013 3030 appellemus,
1044 2942 1099 3029 qui
1126 2942 1200 3006 inde
1228 2965 1249 3006 a
1301 2942 1390 3006 rimis

341 3027 584 3126 Olympindibus
597 3029 711 3094 vixisse
730 3029 918 3094 traduntur:
942 3029 975 3093 in
996 3029 1046 3092 his
1059 3027 1212 3093 Arctinus
1228 3027 1279 3092 Mi
1328 3028 1389 3108 'us,

341 3137 397 3198 qur
420 3115 612 3215 Aetlriopide
636 3113 818 3180 Memnonis
840 3137 890 3180 res
914 3115 1095 3202 complexus
1119 3127 1196 3193 erat,
1225 3115 1390 3180 Lescheus

341 3201 487 3279 Lesbius,
502 3224 594 3287 cujus
608 3201 673 3266 vita
687 3201 868 3290 Olympiadi
884 3203 1056 3266 XXXIII
1073 3200 1260 3288 assignatur,
1274 3201 1389 3266 Iliadis
1491 3239 1492 3280 t

331 3307 455 3369 -pnrsae
464 3287 647 3352 notissimus
661 3303 780 3366 auctor,
794 3287 936 3353 Stasinus
948 3287 1096 3376 Cyprius,
1110 3286 1304 3374 Cypriorum
1319 3311 1388 3352 car·
1491 3283 1492 3312 ¹

330 3369 460 3448 minum
479 3385 599 3450 auctor,
616 3397 689 3438 cum
704 3373 821 3437 Νόστων
836 3374 985 3460 scriptore
999 3371 1124 3460 Augia;
1151 3372 1306 3437 Pisander
1325 3377 1389 3439 Ca-

340 3455 481 3521 mirensis
491 3457 833 3538 Rhodius,⁸Heracleae
843 3473 952 3524 auctor
966 3458 1047 3524 cisoa
1055 3459 1183 3547 Olymp.
1195 3460 1386 3524 XXXIII.

336 3564 411 3606 nam
427 3543 524 3607 serius
538 3544 645 3608 mirere
660 3541 821 3633 Panyasis,
836 3546 992 3610 Herodoti
1010 3545 1185 3610 avunculus
1199 3567 1253 3610 seu
1272 3559 1386 3634 potni-

171 3654 176 3678 =
329 3626 405 3706 clu,
428 3629 556 3694 alterins
577 3631 748 3696 Heracleae
769 3633 889 3712 auctor,
909 3644 943 3697 et
965 3631 1137 3696 Thebaidis
1159 3631 1383 3696 Antimachus.

244 3759 247 3765 -
332 3714 448 3792 Quid?
470 3715 558 3802 quod
574 3718 762 3806 Lyricorum
778 3718 939 3807 2p1incipes
959 3719 1032 3783 inde
1052 3719 1096 3782 ab
1110 3717 1237 3806 Olymp.
1255 3719 1383 3782 XXX.

169 3849 173 3857 .
230 3831 233 3840 Α
333 3821 411 3865 cum
432 3801 630 3889 Terpandro,
647 3803 793 3883 Alcman,
808 3805 957 3884 Alcaeus,
978 3804 1118 3904 Sappho,
1136 3805 1204 3891 jam
1220 3803 1382 3882 vixerant,

331 3886 547 3954 Archilochus
560 3891 812 3978 Iambographus
822 3892 915 3956 etiarn
929 3889 1138 3978 antiqtnarad
1151 3890 1279 3978 Olymp.
1294 3891 1381 3954 XX.

327 3975 485 4038 XXIII.
500 3976 658 4039 XXVII.
673 3992 876 4054 memoratum
902 3976 1168 4057 Pisistmtitlarum
1182 3989 1289 4040 autom
1301 3989 1384 4040 tem·

335 4060 465 4208 poribus
475 4069 597 4126 nomen
616 4073 694 4126 mat·
705 4063 824 4127 clarum
848 4063 1025 4142 StesicborI,
1041 4061 1142 4150 Ibyci,
1158 4061 1381 4140 Anameontis,

360 4145 522 4222 immidis3
551 4147 644 4214 etiam
669 4147 823 4228 Thaletis,
847 4151 916 4236 jam
940 4161 1060 4236 septem
1085 4149 1287 4236 sapientium,
1306 4149 1380 4233 ‘jam

335 4231 537 4320 Pherecydis,
548 4235 908 4324 Pythagoraemagistri,
919 4236 1045 4300 nomina
1055 4233 1270 4301 hrclaruerant.
1295 4237 1380 4299 Sunt
