<?xml version="1.0" encoding="UTF-8"?>
<!DOCTYPE html PUBLIC "-//W3C//DTD XHTML 1.0 Transitional//EN"
    "http://www.w3.org/TR/xhtml1/DTD/xhtml1-transitional.dtd">
<html xmlns="http://www.w3.org/1999/xhtml" xml:lang="en" lang="en">
 <head>
  <title>
</title>
<meta http-equiv="Content-Type" content="text/html;charset=utf-8" />
  <meta name='ocr-system' content='tesseract 3.04.00' />
  <meta name='ocr-capabilities' content='ocr_page ocr_carea ocr_par ocr_line ocrx_word'/>
</head>
<body>
  <div class='ocr_page' id='page_1' title='image "./excursusinhomer00hermgoog_0209.png"; bbox 0 0 2998 5052; ppageno 0'>
   <div class='ocr_carea' id='block_1_1' title="bbox 335 313 1022 456">
    <p class='ocr_par' dir='ltr' id='par_1_1' title="bbox 335 313 1022 456">
     <span class='ocr_line' id='line_1_1' title="bbox 335 313 1022 456; baseline -0.003 -20"><span class='ocrx_word' id='word_1_1' title='bbox 335 369 399 456; x_wconf 77' lang='grc' dir='ltr'>ιιι</span> <span class='ocrx_word' id='word_1_2' title='bbox 689 313 941 436; x_wconf 74' lang='lat' dir='ltr'>nriouusus</span> <span class='ocrx_word' id='word_1_3' title='bbox 964 369 1022 436; x_wconf 90' lang='lat' dir='ltr'>1v.</span> 
     </span>
    </p>
   </div>
   <div class='ocr_carea' id='block_1_2' title="bbox 219 533 1398 4370">
    <p class='ocr_par' dir='ltr' id='par_1_2' title="bbox 303 533 1384 719">
     <span class='ocr_line' id='line_1_2' title="bbox 335 533 1384 632; baseline -0.004 -22"><span class='ocrx_word' id='word_1_4' title='bbox 335 567 388 620; x_wconf 81' lang='grc' dir='ltr'><strong>τις.</strong></span> <span class='ocrx_word' id='word_1_5' title='bbox 434 543 690 610; x_wconf 87' lang='lat' dir='ltr'>Observationem</span> <span class='ocrx_word' id='word_1_6' title='bbox 705 543 799 610; x_wconf 86' lang='lat' dir='ltr'>semel</span> <span class='ocrx_word' id='word_1_7' title='bbox 813 544 928 610; x_wconf 82' lang='lat' dir='ltr'>factam</span> <span class='ocrx_word' id='word_1_8' title='bbox 942 567 1006 610; x_wconf 89' lang='lat' dir='ltr'>non</span> <span class='ocrx_word' id='word_1_9' title='bbox 1020 533 1223 630; x_wconf 75' lang='lat' dir='ltr'>improbab03</span> <span class='ocrx_word' id='word_1_10' title='bbox 1248 554 1282 608; x_wconf 87' lang='lat' dir='ltr'>at</span> <span class='ocrx_word' id='word_1_11' title='bbox 1295 565 1384 632; x_wconf 86' lang='lat' dir='ltr'>repe-</span> 
     </span>
     <span class='ocr_line' id='line_1_3' title="bbox 303 629 1239 719; baseline -0.003 -23"><span class='ocrx_word' id='word_1_12' title='bbox 303 629 309 636; x_wconf 75' lang='grc'><strong>’</strong></span> <span class='ocrx_word' id='word_1_13' title='bbox 336 645 402 696; x_wconf 86' lang='lat' dir='ltr'>tere</span> <span class='ocrx_word' id='word_1_14' title='bbox 413 645 446 695; x_wconf 89' lang='lat' dir='ltr'>et</span> <span class='ocrx_word' id='word_1_15' title='bbox 459 629 614 696; x_wconf 84' lang='lat' dir='ltr'>inculcare</span> <span class='ocrx_word' id='word_1_16' title='bbox 627 653 696 699; x_wconf 89' lang='lat' dir='ltr'>eam</span> <span class='ocrx_word' id='word_1_17' title='bbox 710 631 808 697; x_wconf 91' lang='lat' dir='ltr'>nolim</span> <span class='ocrx_word' id='word_1_18' title='bbox 821 632 863 698; x_wconf 88' lang='lat' dir='ltr'>ad</span> <span class='ocrx_word' id='word_1_19' title='bbox 876 631 1038 697; x_wconf 86' lang='lat' dir='ltr'>fastidium</span> <span class='ocrx_word' id='word_1_20' title='bbox 1051 629 1086 694; x_wconf 89' lang='lat' dir='ltr'>iu</span> <span class='ocrx_word' id='word_1_21' title='bbox 1100 629 1239 719; x_wconf 84' lang='lat' dir='ltr'>singulis.</span> 
     </span>
    </p>

    <p class='ocr_par' dir='ltr' id='par_1_3' title="bbox 329 716 1385 1067">
     <span class='ocr_line' id='line_1_4' title="bbox 381 716 1384 806; baseline -0.001 -24"><span class='ocrx_word' id='word_1_22' title='bbox 381 716 548 784; x_wconf 73' lang='lat' dir='ltr'>Probabile</span> <span class='ocrx_word' id='word_1_23' title='bbox 569 718 616 798; x_wconf 86' lang='lat' dir='ltr'>fit,</span> <span class='ocrx_word' id='word_1_24' title='bbox 637 719 670 784; x_wconf 91' lang='lat' dir='ltr'>in</span> <span class='ocrx_word' id='word_1_25' title='bbox 691 717 799 785; x_wconf 86' lang='lat' dir='ltr'>multis</span> <span class='ocrx_word' id='word_1_26' title='bbox 812 720 844 784; x_wconf 73' lang='grc' dir='ltr'>τὸ</span> <span class='ocrx_word' id='word_1_27' title='bbox 859 747 874 783; x_wconf 89' lang='grc' dir='ltr'><strong>υ</strong></span> <span class='ocrx_word' id='word_1_28' title='bbox 888 730 995 784; x_wconf 87' lang='lat' dir='ltr'>ortum</span> <span class='ocrx_word' id='word_1_29' title='bbox 1015 717 1131 783; x_wconf 84' lang='lat' dir='ltr'>habere</span> <span class='ocrx_word' id='word_1_30' title='bbox 1152 741 1193 782; x_wconf 85' lang='lat' dir='ltr'>ex</span> <span class='ocrx_word' id='word_1_31' title='bbox 1214 716 1384 806; x_wconf 79' lang='lat' dir='ltr'>digammo,</span> 
     </span>
     <span class='ocr_line' id='line_1_5' title="bbox 339 801 1384 918; baseline -0.004 -48"><span class='ocrx_word' id='word_1_32' title='bbox 339 807 392 870; x_wconf 90' lang='lat' dir='ltr'>Ita</span> <span class='ocrx_word' id='word_1_33' title='bbox 409 803 545 906; x_wconf 63' lang='lat' dir='ltr'>vibimus</span> <span class='ocrx_word' id='word_1_34' title='bbox 567 832 656 918; x_wconf 68' lang='grc' dir='ltr'><strong>αφοιτη</strong></span> <span class='ocrx_word' id='word_1_35' title='bbox 678 805 766 894; x_wconf 89' lang='lat' dir='ltr'>apud</span> <span class='ocrx_word' id='word_1_36' title='bbox 788 804 963 870; x_wconf 73' lang='lat' dir='ltr'><strong>Pindarum</strong></span> <span class='ocrx_word' id='word_1_37' title='bbox 984 827 1025 870; x_wconf 83' lang='lat' dir='ltr'>ex</span> <span class='ocrx_word' id='word_1_38' title='bbox 1045 804 1290 903; x_wconf 32' lang='lat' dir='ltr'>afaraOfaatum.</span> <span class='ocrx_word' id='word_1_39' title='bbox 1314 801 1384 867; x_wconf 83' lang='grc' dir='ltr'><strong>ιιύω.</strong></span> 
     </span>
     <span class='ocr_line' id='line_1_6' title="bbox 329 889 1385 1067; baseline -0.001 -25"><span class='ocrx_word' id='word_1_40' title='bbox 329 889 1385 1067; x_wconf 49' lang='lat' dir='ltr'>btlltti‘t’tlt,ftttmsffilffllrlssltttfoll</span> 
     </span>
    </p>

    <p class='ocr_par' dir='ltr' id='par_1_4' title="bbox 227 1062 1388 1338">
     <span class='ocr_line' id='line_1_7' title="bbox 227 1062 1387 1152; baseline -0.001 -24"><span class='ocrx_word' id='word_1_41' title='bbox 227 1127 231 1134; x_wconf 84' lang='grc'><strong>,</strong></span> <span class='ocrx_word' id='word_1_42' title='bbox 341 1063 425 1146; x_wconf 72' lang='lat' dir='ltr'>auito,</span> <span class='ocrx_word' id='word_1_43' title='bbox 441 1064 546 1129; x_wconf 81' lang='grc' dir='ltr'><strong>καύσω·</strong></span> <span class='ocrx_word' id='word_1_44' title='bbox 561 1064 693 1152; x_wconf 86' lang='lat' dir='ltr'>ductum</span> <span class='ocrx_word' id='word_1_45' title='bbox 708 1080 789 1132; x_wconf 83' lang='lat' dir='ltr'>esta</span> <span class='ocrx_word' id='word_1_46' title='bbox 803 1093 875 1146; x_wconf 87' lang='grc' dir='ltr'><strong>κοιω,</strong></span> <span class='ocrx_word' id='word_1_47' title='bbox 891 1071 983 1143; x_wconf 66' lang='lat' dir='ltr'>nata,</span> <span class='ocrx_word' id='word_1_48' title='bbox 998 1091 1083 1129; x_wconf 86' lang='grc' dir='ltr'><strong>κοιυω.</strong></span> <span class='ocrx_word' id='word_1_49' title='bbox 1107 1063 1158 1128; x_wconf 83' lang='lat' dir='ltr'>Sic</span> <span class='ocrx_word' id='word_1_50' title='bbox 1172 1062 1277 1143; x_wconf 83' lang='grc' dir='ltr'><strong>ιιλούω,</strong></span> <span class='ocrx_word' id='word_1_51' title='bbox 1293 1062 1387 1128; x_wconf 84' lang='grc' dir='ltr'><strong>κλοιύ·</strong></span> 
     </span>
     <span class='ocr_line' id='line_1_8' title="bbox 341 1149 1388 1236; baseline 0.001 -22"><span class='ocrx_word' id='word_1_52' title='bbox 341 1177 394 1230; x_wconf 90' lang='grc' dir='ltr'>σω,</span> <span class='ocrx_word' id='word_1_53' title='bbox 415 1174 455 1216; x_wconf 85' lang='lat' dir='ltr'>ex</span> <span class='ocrx_word' id='word_1_54' title='bbox 477 1168 570 1232; x_wconf 88' lang='grc' dir='ltr'><strong>κλοιω,</strong></span> <span class='ocrx_word' id='word_1_55' title='bbox 593 1157 707 1233; x_wconf 58' lang='grc' dir='ltr'><strong>κλοιύῗω,</strong></span> <span class='ocrx_word' id='word_1_56' title='bbox 731 1168 836 1217; x_wconf 87' lang='grc' dir='ltr'><strong>κλοουω.</strong></span> <span class='ocrx_word' id='word_1_57' title='bbox 861 1169 935 1235; x_wconf 81' lang='grc' dir='ltr'><strong>φοιω,</strong></span> <span class='ocrx_word' id='word_1_58' title='bbox 959 1169 1048 1236; x_wconf 84' lang='grc' dir='ltr'><strong>φαυοι,</strong></span> <span class='ocrx_word' id='word_1_59' title='bbox 1073 1151 1200 1235; x_wconf 79' lang='grc' dir='ltr'><strong>φσύσκω,</strong></span> <span class='ocrx_word' id='word_1_60' title='bbox 1224 1149 1388 1236; x_wconf 76' lang='grc' dir='ltr'><strong>πιφαύσκω.</strong></span> 
     </span>
     <span class='ocr_line' id='line_1_9' title="bbox 341 1237 1181 1338; baseline 0.002 -38"><span class='ocrx_word' id='word_1_61' title='bbox 341 1239 420 1316; x_wconf 57' lang='lat' dir='ltr'>buo,</span> <span class='ocrx_word' id='word_1_62' title='bbox 435 1239 547 1314; x_wconf 72' lang='grc' dir='ltr'><strong>ψαυσω.</strong></span> <span class='ocrx_word' id='word_1_63' title='bbox 561 1265 659 1325; x_wconf 79' lang='grc' dir='ltr'><strong>χφαω,</strong></span> <span class='ocrx_word' id='word_1_64' title='bbox 671 1265 805 1338; x_wconf 74' lang='grc' dir='ltr'><strong>χφοιυσω.</strong></span> <span class='ocrx_word' id='word_1_65' title='bbox 820 1238 860 1304; x_wconf 80' lang='lat' dir='ltr'>cf.</span> <span class='ocrx_word' id='word_1_66' title='bbox 876 1237 917 1303; x_wconf 80' lang='lat' dir='ltr'>ad</span> <span class='ocrx_word' id='word_1_67' title='bbox 933 1243 967 1300; x_wconf 80' lang='grc' dir='ltr'>Ε.</span> <span class='ocrx_word' id='word_1_68' title='bbox 984 1238 1057 1303; x_wconf 80' lang='grc'><strong>138.</strong></span> <span class='ocrx_word' id='word_1_69' title='bbox 1179 1243 1181 1248; x_wconf 75' lang='grc'><strong>’</strong></span> 
     </span>
    </p>

    <p class='ocr_par' dir='ltr' id='par_1_5' title="bbox 332 1323 1393 2110">
     <span class='ocr_line' id='line_1_10' title="bbox 384 1323 1388 1410; baseline -0.002 -22"><span class='ocrx_word' id='word_1_70' title='bbox 384 1323 461 1389; x_wconf 90' lang='lat' dir='ltr'>Alia</span> <span class='ocrx_word' id='word_1_71' title='bbox 473 1323 547 1389; x_wconf 90' lang='lat' dir='ltr'>inde</span> <span class='ocrx_word' id='word_1_72' title='bbox 560 1325 736 1391; x_wconf 85' lang='lat' dir='ltr'>observatro</span> <span class='ocrx_word' id='word_1_73' title='bbox 749 1325 846 1391; x_wconf 86' lang='lat' dir='ltr'>ducta</span> <span class='ocrx_word' id='word_1_74' title='bbox 859 1336 917 1404; x_wconf 88' lang='lat' dir='ltr'>est,</span> <span class='ocrx_word' id='word_1_75' title='bbox 931 1324 971 1389; x_wconf 89' lang='lat' dir='ltr'>de</span> <span class='ocrx_word' id='word_1_76' title='bbox 984 1323 1088 1390; x_wconf 88' lang='lat' dir='ltr'>verbis</span> <span class='ocrx_word' id='word_1_77' title='bbox 1101 1323 1136 1388; x_wconf 89' lang='lat' dir='ltr'>in</span> <span class='ocrx_word' id='word_1_78' title='bbox 1150 1350 1195 1405; x_wconf 79' lang='grc' dir='ltr'>ιω,</span> <span class='ocrx_word' id='word_1_79' title='bbox 1211 1346 1295 1410; x_wconf 88' lang='lat' dir='ltr'>quae</span> <span class='ocrx_word' id='word_1_80' title='bbox 1309 1334 1388 1387; x_wconf 81' lang='lat' dir='ltr'>tem-</span> 
     </span>
     <span class='ocr_line' id='line_1_11' title="bbox 332 1409 1388 1498; baseline -0.008 -18"><span class='ocrx_word' id='word_1_81' title='bbox 332 1434 420 1498; x_wconf 27' lang='lat' dir='ltr'>spora</span> <span class='ocrx_word' id='word_1_82' title='bbox 443 1410 560 1481; x_wconf 87' lang='lat' dir='ltr'>habent</span> <span class='ocrx_word' id='word_1_83' title='bbox 582 1409 623 1477; x_wconf 84' lang='lat' dir='ltr'>ab</span> <span class='ocrx_word' id='word_1_84' title='bbox 649 1440 709 1478; x_wconf 80' lang='grc' dir='ltr'><strong>ευω.</strong></span> <span class='ocrx_word' id='word_1_85' title='bbox 736 1412 779 1477; x_wconf 85' lang='lat' dir='ltr'>sic</span> <span class='ocrx_word' id='word_1_86' title='bbox 801 1411 889 1490; x_wconf 74' lang='grc' dir='ltr'><strong>πλέω,</strong></span> <span class='ocrx_word' id='word_1_87' title='bbox 914 1425 1037 1476; x_wconf 81' lang='grc' dir='ltr'><strong>τλιιισω.</strong></span> <span class='ocrx_word' id='word_1_88' title='bbox 1064 1410 1167 1477; x_wconf 81' lang='lat' dir='ltr'>fuerat</span> <span class='ocrx_word' id='word_1_89' title='bbox 1191 1409 1276 1476; x_wconf 83' lang='lat' dir='ltr'>enim</span> <span class='ocrx_word' id='word_1_90' title='bbox 1299 1424 1388 1488; x_wconf 77' lang='grc' dir='ltr'><strong>τλιω,</strong></span> 
     </span>
     <span class='ocr_line' id='line_1_12' title="bbox 342 1495 1388 1586; baseline 0.001 -25"><span class='ocrx_word' id='word_1_91' title='bbox 342 1502 450 1578; x_wconf 55' lang='lat' dir='ltr'>sustu,</span> <span class='ocrx_word' id='word_1_92' title='bbox 463 1513 564 1564; x_wconf 84' lang='grc' dir='ltr'><strong>ιιλουοι.</strong></span> <span class='ocrx_word' id='word_1_93' title='bbox 610 1498 662 1564; x_wconf 84' lang='lat' dir='ltr'>Sic</span> <span class='ocrx_word' id='word_1_94' title='bbox 681 1501 787 1584; x_wconf 79' lang='grc' dir='ltr'><strong>δέομαι,</strong></span> <span class='ocrx_word' id='word_1_95' title='bbox 802 1500 945 1582; x_wconf 81' lang='grc' dir='ltr'><strong>διύσομοιι,</strong></span> <span class='ocrx_word' id='word_1_96' title='bbox 959 1510 991 1562; x_wconf 88' lang='lat' dir='ltr'>et</span> <span class='ocrx_word' id='word_1_97' title='bbox 1004 1497 1109 1586; x_wconf 89' lang='lat' dir='ltr'>ipsum</span> <span class='ocrx_word' id='word_1_98' title='bbox 1129 1498 1239 1581; x_wconf 77' lang='grc' dir='ltr'><strong>διύομωι</strong></span> <span class='ocrx_word' id='word_1_99' title='bbox 1256 1503 1293 1562; x_wconf 84' lang='grc' dir='ltr'>Α.</span> <span class='ocrx_word' id='word_1_100' title='bbox 1311 1495 1388 1562; x_wconf 82' lang='grc'><strong>468.</strong></span> 
     </span>
     <span class='ocr_line' id='line_1_13' title="bbox 343 1583 1390 1671; baseline -0.001 -23"><span class='ocrx_word' id='word_1_101' title='bbox 343 1587 443 1664; x_wconf 68' lang='grc' dir='ltr'>ἐπιδεὴς</span> <span class='ocrx_word' id='word_1_102' title='bbox 458 1598 496 1650; x_wconf 90' lang='lat' dir='ltr'>ut</span> <span class='ocrx_word' id='word_1_103' title='bbox 510 1588 605 1666; x_wconf 74' lang='grc' dir='ltr'><strong>ἐνδεὴς,</strong></span> <span class='ocrx_word' id='word_1_104' title='bbox 621 1599 653 1651; x_wconf 89' lang='lat' dir='ltr'>et</span> <span class='ocrx_word' id='word_1_105' title='bbox 666 1587 792 1666; x_wconf 76' lang='grc' dir='ltr'><strong>ἐπιδευής.</strong></span> <span class='ocrx_word' id='word_1_106' title='bbox 837 1589 886 1651; x_wconf 89' lang='lat' dir='ltr'>At</span> <span class='ocrx_word' id='word_1_107' title='bbox 899 1584 1120 1650; x_wconf 88' lang='lat' dir='ltr'>discernuntur</span> <span class='ocrx_word' id='word_1_108' title='bbox 1138 1585 1215 1664; x_wconf 80' lang='grc' dir='ltr'><strong>δεύω,</strong></span> <span class='ocrx_word' id='word_1_109' title='bbox 1229 1583 1342 1671; x_wconf 85' lang='lat' dir='ltr'>irrigo,</span> <span class='ocrx_word' id='word_1_110' title='bbox 1358 1595 1390 1648; x_wconf 88' lang='lat' dir='ltr'>et</span> 
     </span>
     <span class='ocr_line' id='line_1_14' title="bbox 343 1669 1391 1760; baseline -0.001 -25"><span class='ocrx_word' id='word_1_111' title='bbox 343 1670 405 1751; x_wconf 84' lang='grc' dir='ltr'><strong>δι’ω,</strong></span> <span class='ocrx_word' id='word_1_112' title='bbox 425 1671 498 1760; x_wconf 87' lang='lat' dir='ltr'>ligo.</span> <span class='ocrx_word' id='word_1_113' title='bbox 522 1673 583 1754; x_wconf 76' lang='grc' dir='ltr'><strong>θέω,</strong></span> <span class='ocrx_word' id='word_1_114' title='bbox 605 1673 746 1758; x_wconf 77' lang='grc' dir='ltr'><strong>θεύσοφιιι,</strong></span> <span class='ocrx_word' id='word_1_115' title='bbox 767 1695 860 1740; x_wconf 83' lang='lat' dir='ltr'>curro.</span> <span class='ocrx_word' id='word_1_116' title='bbox 883 1671 945 1760; x_wconf 69' lang='grc' dir='ltr'><strong>ρι’ω,</strong></span> <span class='ocrx_word' id='word_1_117' title='bbox 961 1672 1056 1758; x_wconf 73' lang='grc' dir='ltr'><strong>ῥιύσω.</strong></span> <span class='ocrx_word' id='word_1_118' title='bbox 1078 1671 1149 1758; x_wconf 78' lang='grc' dir='ltr'><strong>χὲω.</strong></span> <span class='ocrx_word' id='word_1_119' title='bbox 1169 1672 1280 1757; x_wconf 81' lang='grc' dir='ltr'><strong>χεύσω.</strong></span> <span class='ocrx_word' id='word_1_120' title='bbox 1304 1669 1391 1736; x_wconf 87' lang='lat' dir='ltr'>unde</span> 
     </span>
     <span class='ocr_line' id='line_1_15' title="bbox 341 1757 1390 1849; baseline -0.001 -27"><span class='ocrx_word' id='word_1_121' title='bbox 341 1757 413 1845; x_wconf 77' lang='grc' dir='ltr'><strong>χέω.</strong></span> <span class='ocrx_word' id='word_1_122' title='bbox 435 1759 514 1844; x_wconf 76' lang='grc' dir='ltr'><strong>ἔχιοι.</strong></span> <span class='ocrx_word' id='word_1_123' title='bbox 533 1759 621 1846; x_wconf 68' lang='grc' dir='ltr'><strong>ἓχιοοι</strong></span> <span class='ocrx_word' id='word_1_124' title='bbox 637 1774 670 1826; x_wconf 88' lang='lat' dir='ltr'>et</span> <span class='ocrx_word' id='word_1_125' title='bbox 684 1760 814 1849; x_wconf 78' lang='grc' dir='ltr'><strong>ἐχεύατο,</strong></span> <span class='ocrx_word' id='word_1_126' title='bbox 830 1783 869 1824; x_wconf 88' lang='lat' dir='ltr'>ex</span> <span class='ocrx_word' id='word_1_127' title='bbox 890 1763 990 1846; x_wconf 65' lang='lat' dir='ltr'>sxsfu.</span> <span class='ocrx_word' id='word_1_128' title='bbox 1012 1759 1121 1824; x_wconf 83' lang='grc' dir='ltr'><strong>σολούω</strong></span> <span class='ocrx_word' id='word_1_129' title='bbox 1139 1757 1260 1824; x_wconf 85' lang='lat' dir='ltr'>factum</span> <span class='ocrx_word' id='word_1_130' title='bbox 1277 1781 1320 1822; x_wconf 83' lang='lat' dir='ltr'>ex</span> <span class='ocrx_word' id='word_1_131' title='bbox 1341 1783 1390 1822; x_wconf 87' lang='grc' dir='ltr'>συ-</span> 
     </span>
     <span class='ocr_line' id='line_1_16' title="bbox 344 1844 1390 1934; baseline -0.003 -24"><span class='ocrx_word' id='word_1_132' title='bbox 344 1844 411 1924; x_wconf 69' lang='lat' dir='ltr'>ala,</span> <span class='ocrx_word' id='word_1_133' title='bbox 426 1868 485 1934; x_wconf 88' lang='lat' dir='ltr'>pro</span> <span class='ocrx_word' id='word_1_134' title='bbox 499 1870 565 1934; x_wconf 92' lang='lat' dir='ltr'>quo</span> <span class='ocrx_word' id='word_1_135' title='bbox 578 1847 723 1913; x_wconf 77' lang='lat' dir='ltr'><strong>usitatius</strong></span> <span class='ocrx_word' id='word_1_136' title='bbox 737 1849 845 1912; x_wconf 78' lang='grc' dir='ltr'><strong>συλάοι.</strong></span> <span class='ocrx_word' id='word_1_137' title='bbox 891 1848 956 1911; x_wconf 87' lang='lat' dir='ltr'>Pro</span> <span class='ocrx_word' id='word_1_138' title='bbox 970 1844 1045 1912; x_wconf 77' lang='grc' dir='ltr'>ἀλείο</span> <span class='ocrx_word' id='word_1_139' title='bbox 1059 1856 1106 1910; x_wconf 82' lang='lat' dir='ltr'>est</span> <span class='ocrx_word' id='word_1_140' title='bbox 1120 1844 1221 1909; x_wconf 78' lang='grc' dir='ltr'><strong>ἆλιύω.</strong></span> <span class='ocrx_word' id='word_1_141' title='bbox 1237 1844 1277 1909; x_wconf 86' lang='lat' dir='ltr'>cf.</span> <span class='ocrx_word' id='word_1_142' title='bbox 1293 1844 1339 1908; x_wconf 85' lang='lat' dir='ltr'>ad</span> <span class='ocrx_word' id='word_1_143' title='bbox 1355 1849 1390 1908; x_wconf 80' lang='grc' dir='ltr'>Ε.</span> 
     </span>
     <span class='ocr_line' id='line_1_17' title="bbox 345 1931 1393 2022; baseline 0 -26"><span class='ocrx_word' id='word_1_144' title='bbox 345 1934 399 1996; x_wconf 67' lang='lat'>28.</span> <span class='ocrx_word' id='word_1_145' title='bbox 444 1934 486 2008; x_wconf 87' lang='lat' dir='ltr'>In</span> <span class='ocrx_word' id='word_1_146' title='bbox 500 1933 658 1999; x_wconf 85' lang='lat' dir='ltr'>nonnullis</span> <span class='ocrx_word' id='word_1_147' title='bbox 671 1934 778 2022; x_wconf 89' lang='lat' dir='ltr'>plures</span> <span class='ocrx_word' id='word_1_148' title='bbox 791 1934 910 1999; x_wconf 84' lang='lat' dir='ltr'>formae</span> <span class='ocrx_word' id='word_1_149' title='bbox 923 1932 1138 2020; x_wconf 75' lang='lat' dir='ltr'>frequentatae</span> <span class='ocrx_word' id='word_1_150' title='bbox 1152 1943 1237 2010; x_wconf 85' lang='lat' dir='ltr'>sunt,</span> <span class='ocrx_word' id='word_1_151' title='bbox 1253 1943 1292 1996; x_wconf 89' lang='lat' dir='ltr'>ut</span> <span class='ocrx_word' id='word_1_152' title='bbox 1307 1931 1393 2010; x_wconf 85' lang='grc' dir='ltr'><strong>σεύω,</strong></span> 
     </span>
     <span class='ocr_line' id='line_1_18' title="bbox 345 2020 977 2110; baseline 0.005 -29"><span class='ocrx_word' id='word_1_153' title='bbox 345 2041 385 2092; x_wconf 81' lang='lat' dir='ltr'>ex</span> <span class='ocrx_word' id='word_1_154' title='bbox 401 2043 465 2098; x_wconf 80' lang='grc' dir='ltr'><strong>σιω,</strong></span> <span class='ocrx_word' id='word_1_155' title='bbox 480 2024 564 2085; x_wconf 67' lang='lat' dir='ltr'>erfo.</span> <span class='ocrx_word' id='word_1_156' title='bbox 581 2032 612 2085; x_wconf 90' lang='lat' dir='ltr'>et</span> <span class='ocrx_word' id='word_1_157' title='bbox 627 2021 697 2099; x_wconf 90' lang='grc' dir='ltr'><strong>σύω,</strong></span> <span class='ocrx_word' id='word_1_158' title='bbox 712 2045 752 2086; x_wconf 86' lang='lat' dir='ltr'>ex</span> <span class='ocrx_word' id='word_1_159' title='bbox 767 2045 832 2110; x_wconf 92' lang='lat' dir='ltr'>quo</span> <span class='ocrx_word' id='word_1_160' title='bbox 847 2020 977 2103; x_wconf 74' lang='grc' dir='ltr'><strong>ἔσσυμαι.</strong></span> 
     </span>
    </p>

    <p class='ocr_par' dir='ltr' id='par_1_6' title="bbox 338 2103 1398 3499">
     <span class='ocr_line' id='line_1_19' title="bbox 389 2103 1393 2194; baseline 0.002 -24"><span class='ocrx_word' id='word_1_161' title='bbox 389 2103 538 2171; x_wconf 86' lang='lat' dir='ltr'>Alterum</span> <span class='ocrx_word' id='word_1_162' title='bbox 552 2131 646 2173; x_wconf 89' lang='lat' dir='ltr'>usum</span> <span class='ocrx_word' id='word_1_163' title='bbox 660 2107 692 2172; x_wconf 96' lang='lat' dir='ltr'>di</span> <span class='ocrx_word' id='word_1_164' title='bbox 800 2107 806 2121; x_wconf 87' lang='lat'>&#39;</span> <span class='ocrx_word' id='word_1_165' title='bbox 823 2107 857 2174; x_wconf 88' lang='lat' dir='ltr'>in</span> <span class='ocrx_word' id='word_1_166' title='bbox 870 2106 980 2172; x_wconf 89' lang='lat' dir='ltr'>mediis</span> <span class='ocrx_word' id='word_1_167' title='bbox 994 2107 1123 2172; x_wconf 87' lang='lat' dir='ltr'>vocibus</span> <span class='ocrx_word' id='word_1_168' title='bbox 1137 2105 1204 2171; x_wconf 89' lang='lat' dir='ltr'>dixi</span> <span class='ocrx_word' id='word_1_169' title='bbox 1218 2129 1285 2172; x_wconf 87' lang='lat' dir='ltr'>esse</span> <span class='ocrx_word' id='word_1_170' title='bbox 1299 2128 1393 2194; x_wconf 85' lang='lat' dir='ltr'>posse</span> 
     </span>
     <span class='ocr_line' id='line_1_20' title="bbox 346 2191 1393 2280; baseline -0.001 -23"><span class='ocrx_word' id='word_1_171' title='bbox 346 2191 545 2280; x_wconf 87' lang='lat' dir='ltr'>prosodioum</span> <span class='ocrx_word' id='word_1_172' title='bbox 567 2197 610 2259; x_wconf 82' lang='lat' dir='ltr'>ad</span> <span class='ocrx_word' id='word_1_173' title='bbox 629 2197 684 2260; x_wconf 79' lang='lat' dir='ltr'>red</span> <span class='ocrx_word' id='word_1_174' title='bbox 741 2198 814 2262; x_wconf 85' lang='lat' dir='ltr'>dom</span> <span class='ocrx_word' id='word_1_175' title='bbox 835 2215 984 2272; x_wconf 79' lang='lat' dir='ltr'>caussam,</span> <span class='ocrx_word' id='word_1_176' title='bbox 1000 2217 1057 2258; x_wconf 88' lang='lat' dir='ltr'>our</span> <span class='ocrx_word' id='word_1_177' title='bbox 1077 2193 1236 2259; x_wconf 88' lang='lat' dir='ltr'>interdum</span> <span class='ocrx_word' id='word_1_178' title='bbox 1251 2192 1393 2259; x_wconf 83' lang='lat' dir='ltr'><strong>vocalem</strong></span> 
     </span>
     <span class='ocr_line' id='line_1_21' title="bbox 346 2279 1394 2370; baseline 0.002 -27"><span class='ocrx_word' id='word_1_179' title='bbox 346 2279 441 2344; x_wconf 91' lang='lat' dir='ltr'>modo</span> <span class='ocrx_word' id='word_1_180' title='bbox 462 2281 588 2370; x_wconf 86' lang='lat' dir='ltr'>corripi,</span> <span class='ocrx_word' id='word_1_181' title='bbox 615 2282 709 2347; x_wconf 92' lang='lat' dir='ltr'>modo</span> <span class='ocrx_word' id='word_1_182' title='bbox 731 2282 864 2370; x_wconf 84' lang='lat' dir='ltr'>produci</span> <span class='ocrx_word' id='word_1_183' title='bbox 887 2279 1048 2345; x_wconf 88' lang='lat' dir='ltr'>videamus</span> <span class='ocrx_word' id='word_1_184' title='bbox 1073 2279 1138 2345; x_wconf 89' lang='lat' dir='ltr'>sine</span> <span class='ocrx_word' id='word_1_185' title='bbox 1162 2303 1273 2346; x_wconf 78' lang='lat' dir='ltr'><strong>caussa</strong></span> <span class='ocrx_word' id='word_1_186' title='bbox 1295 2303 1394 2368; x_wconf 74' lang='lat' dir='ltr'>appa</span> 
     </span>
     <span class='ocr_line' id='line_1_22' title="bbox 346 2365 1395 2478; baseline 0 -46"><span class='ocrx_word' id='word_1_187' title='bbox 346 2378 442 2444; x_wconf 80' lang='lat' dir='ltr'>rente.</span> <span class='ocrx_word' id='word_1_188' title='bbox 470 2369 649 2448; x_wconf 84' lang='lat' dir='ltr'>Provocari,</span> <span class='ocrx_word' id='word_1_189' title='bbox 662 2369 822 2434; x_wconf 89' lang='lat' dir='ltr'>interdum</span> <span class='ocrx_word' id='word_1_190' title='bbox 836 2390 900 2434; x_wconf 92' lang='lat' dir='ltr'>nou</span> <span class='ocrx_word' id='word_1_191' title='bbox 915 2366 1008 2432; x_wconf 86' lang='lat' dir='ltr'>sines</span> <span class='ocrx_word' id='word_1_192' title='bbox 1066 2367 1094 2432; x_wconf 90' lang='lat' dir='ltr'>ie</span> <span class='ocrx_word' id='word_1_193' title='bbox 1108 2366 1216 2454; x_wconf 83' lang='lat' dir='ltr'>aliqua</span> <span class='ocrx_word' id='word_1_194' title='bbox 1229 2365 1308 2446; x_wconf 87' lang='lat' dir='ltr'>veri,</span> <span class='ocrx_word' id='word_1_195' title='bbox 1324 2377 1395 2478; x_wconf 61' lang='lat' dir='ltr'>pot</span> 
     </span>
     <span class='ocr_line' id='line_1_23' title="bbox 345 2390 1394 2545; baseline 0 -27"><span class='ocrx_word' id='word_1_196' title='bbox 345 2467 393 2519; x_wconf 84' lang='lat' dir='ltr'>est</span> <span class='ocrx_word' id='word_1_197' title='bbox 407 2454 448 2520; x_wconf 84' lang='lat' dir='ltr'>ad</span> <span class='ocrx_word' id='word_1_198' title='bbox 462 2454 631 2544; x_wconf 81' lang='lat' dir='ltr'>digamma,</span> <span class='ocrx_word' id='word_1_199' title='bbox 646 2457 735 2545; x_wconf 93' lang='lat' dir='ltr'>quod</span> <span class='ocrx_word' id='word_1_200' title='bbox 748 2455 823 2522; x_wconf 91' lang='lat' dir='ltr'>olim</span> <span class='ocrx_word' id='word_1_201' title='bbox 837 2453 906 2522; x_wconf 89' lang='lat' dir='ltr'>voci</span> <span class='ocrx_word' id='word_1_202' title='bbox 925 2390 1080 2520; x_wconf 58' lang='lat' dir='ltr'>insedbb&#39;ct</span> <span class='ocrx_word' id='word_1_203' title='bbox 1127 2454 1180 2519; x_wconf 90' lang='lat' dir='ltr'>Ita</span> <span class='ocrx_word' id='word_1_204' title='bbox 1192 2478 1222 2518; x_wconf 90' lang='lat' dir='ltr'>v.</span> <span class='ocrx_word' id='word_1_205' title='bbox 1237 2477 1264 2518; x_wconf 81' lang='grc' dir='ltr'>ο.</span> <span class='ocrx_word' id='word_1_206' title='bbox 1281 2479 1394 2529; x_wconf 80' lang='grc' dir='ltr'><strong>κυανεος</strong></span> 
     </span>
     <span class='ocr_line' id='line_1_24' title="bbox 346 2540 1394 2631; baseline 0 -25"><span class='ocrx_word' id='word_1_207' title='bbox 346 2540 480 2629; x_wconf 89' lang='lat' dir='ltr'>primam</span> <span class='ocrx_word' id='word_1_208' title='bbox 501 2544 668 2631; x_wconf 85' lang='lat' dir='ltr'>producit;</span> <span class='ocrx_word' id='word_1_209' title='bbox 693 2567 766 2609; x_wconf 92' lang='lat' dir='ltr'>cum</span> <span class='ocrx_word' id='word_1_210' title='bbox 788 2556 892 2608; x_wconf 86' lang='lat' dir='ltr'>tamen</span> <span class='ocrx_word' id='word_1_211' title='bbox 914 2541 1010 2616; x_wconf 81' lang='grc' dir='ltr'><strong>κύανος</strong></span> <span class='ocrx_word' id='word_1_212' title='bbox 1032 2540 1165 2628; x_wconf 87' lang='lat' dir='ltr'><strong>primam</strong></span> <span class='ocrx_word' id='word_1_213' title='bbox 1185 2541 1301 2606; x_wconf 84' lang='lat' dir='ltr'>habeat</span> <span class='ocrx_word' id='word_1_214' title='bbox 1323 2541 1394 2606; x_wconf 85' lang='lat' dir='ltr'>bre-</span> 
     </span>
     <span class='ocr_line' id='line_1_25' title="bbox 346 2626 1396 2780; baseline -0.001 -88"><span class='ocrx_word' id='word_1_215' title='bbox 346 2649 427 2702; x_wconf 78' lang='lat' dir='ltr'>vem.</span> <span class='ocrx_word' id='word_1_216' title='bbox 474 2629 610 2694; x_wconf 88' lang='lat' dir='ltr'>Con&#39;icit</span> <span class='ocrx_word' id='word_1_217' title='bbox 631 2642 722 2694; x_wconf 83' lang='lat' dir='ltr'>acute</span> <span class='ocrx_word' id='word_1_218' title='bbox 744 2632 853 2718; x_wconf 83' lang='lat' dir='ltr'>Peyne</span> <span class='ocrx_word' id='word_1_219' title='bbox 876 2627 1000 2780; x_wconf 55' lang='grc' dir='ltr'><strong>Κωφὴν</strong></span> <span class='ocrx_word' id='word_1_220' title='bbox 1014 2651 1044 2715; x_wconf 91' lang='lat' dir='ltr'>p.</span> <span class='ocrx_word' id='word_1_221' title='bbox 1062 2626 1113 2694; x_wconf 91' lang='lat'>68.</span> <span class='ocrx_word' id='word_1_222' title='bbox 1136 2627 1343 2693; x_wconf 82' lang='lat' dir='ltr'>intersertum</span> <span class='ocrx_word' id='word_1_223' title='bbox 1362 2627 1396 2691; x_wconf 88' lang='lat' dir='ltr'>in</span> 
     </span>
     <span class='ocr_line' id='line_1_26' title="bbox 346 2653 1396 2815; baseline -0.003 -35"><span class='ocrx_word' id='word_1_224' title='bbox 346 2712 406 2780; x_wconf 86' lang='lat' dir='ltr'>isto</span> <span class='ocrx_word' id='word_1_225' title='bbox 419 2714 516 2780; x_wconf 82' lang='lat' dir='ltr'>fuisse</span> <span class='ocrx_word' id='word_1_226' title='bbox 529 2653 724 2815; x_wconf 72' lang='lat' dir='ltr'>tiigummum</span> <span class='ocrx_word' id='word_1_227' title='bbox 740 2721 877 2791; x_wconf 70' lang='grc' dir='ltr'><strong>κυύοιιιις.</strong></span> <span class='ocrx_word' id='word_1_228' title='bbox 912 2717 941 2780; x_wconf 93' lang='grc'>0</span> <span class='ocrx_word' id='word_1_229' title='bbox 964 2713 1145 2779; x_wconf 81' lang='lat' dir='ltr'>servationis</span> <span class='ocrx_word' id='word_1_230' title='bbox 1158 2713 1302 2801; x_wconf 84' lang='lat' dir='ltr'>inprimis</span> <span class='ocrx_word' id='word_1_231' title='bbox 1318 2737 1396 2778; x_wconf 89' lang='lat' dir='ltr'>usus</span> 
     </span>
     <span class='ocr_line' id='line_1_27' title="bbox 347 2799 1396 2890; baseline 0 -24"><span class='ocrx_word' id='word_1_232' title='bbox 347 2823 413 2866; x_wconf 87' lang='lat' dir='ltr'>esse</span> <span class='ocrx_word' id='word_1_233' title='bbox 432 2815 546 2890; x_wconf 87' lang='lat' dir='ltr'>potest,</span> <span class='ocrx_word' id='word_1_234' title='bbox 570 2825 604 2866; x_wconf 88' lang='lat' dir='ltr'><strong>m</strong></span> <span class='ocrx_word' id='word_1_235' title='bbox 627 2803 788 2869; x_wconf 85' lang='lat' dir='ltr'>reddenda</span> <span class='ocrx_word' id='word_1_236' title='bbox 808 2825 926 2882; x_wconf 81' lang='lat' dir='ltr'>caussa,</span> <span class='ocrx_word' id='word_1_237' title='bbox 946 2825 1003 2866; x_wconf 90' lang='lat' dir='ltr'>cur</span> <span class='ocrx_word' id='word_1_238' title='bbox 1021 2801 1118 2866; x_wconf 86' lang='lat' dir='ltr'>verba</span> <span class='ocrx_word' id='word_1_239' title='bbox 1134 2800 1167 2865; x_wconf 94' lang='lat' dir='ltr'>in</span> <span class='ocrx_word' id='word_1_240' title='bbox 1187 2827 1225 2866; x_wconf 88' lang='grc' dir='ltr'><strong>οω</strong></span> <span class='ocrx_word' id='word_1_241' title='bbox 1243 2799 1305 2864; x_wconf 84' lang='lat' dir='ltr'>alia</span> <span class='ocrx_word' id='word_1_242' title='bbox 1324 2824 1396 2888; x_wconf 87' lang='lat' dir='ltr'>pro-</span> 
     </span>
     <span class='ocr_line' id='line_1_28' title="bbox 346 2887 1396 2977; baseline -0.002 -24"><span class='ocrx_word' id='word_1_243' title='bbox 346 2887 466 2962; x_wconf 80' lang='lat' dir='ltr'>ducant</span> <span class='ocrx_word' id='word_1_244' title='bbox 484 2889 633 2970; x_wconf 84' lang='lat' dir='ltr'>vocalem,</span> <span class='ocrx_word' id='word_1_245' title='bbox 654 2890 715 2955; x_wconf 85' lang='lat' dir='ltr'>slia</span> <span class='ocrx_word' id='word_1_246' title='bbox 735 2889 915 2977; x_wconf 85' lang='lat' dir='ltr'>corripiant,</span> <span class='ocrx_word' id='word_1_247' title='bbox 933 2899 989 2954; x_wconf 87' lang='lat' dir='ltr'>aut</span> <span class='ocrx_word' id='word_1_248' title='bbox 1009 2911 1066 2953; x_wconf 89' lang='lat' dir='ltr'>cur</span> <span class='ocrx_word' id='word_1_249' title='bbox 1087 2887 1170 2952; x_wconf 89' lang='lat' dir='ltr'>idem</span> <span class='ocrx_word' id='word_1_250' title='bbox 1184 2887 1321 2952; x_wconf 90' lang='lat' dir='ltr'>verbum</span> <span class='ocrx_word' id='word_1_251' title='bbox 1336 2887 1396 2952; x_wconf 85' lang='lat' dir='ltr'>alia</span> 
     </span>
     <span class='ocr_line' id='line_1_29' title="bbox 348 2973 1396 3066; baseline 0.001 -26"><span class='ocrx_word' id='word_1_252' title='bbox 348 2988 490 3064; x_wconf 81' lang='lat' dir='ltr'>tempora</span> <span class='ocrx_word' id='word_1_253' title='bbox 501 2977 618 3044; x_wconf 81' lang='lat' dir='ltr'>habeat</span> <span class='ocrx_word' id='word_1_254' title='bbox 631 2978 796 3066; x_wconf 84' lang='lat' dir='ltr'>producta,</span> <span class='ocrx_word' id='word_1_255' title='bbox 812 2975 872 3041; x_wconf 85' lang='lat' dir='ltr'>alia</span> <span class='ocrx_word' id='word_1_256' title='bbox 886 2988 1042 3063; x_wconf 79' lang='lat' dir='ltr'>eorrepta3</span> <span class='ocrx_word' id='word_1_257' title='bbox 1061 2973 1175 3040; x_wconf 87' lang='lat' dir='ltr'>scilieet</span> <span class='ocrx_word' id='word_1_258' title='bbox 1188 2973 1285 3041; x_wconf 90' lang='lat' dir='ltr'>modo</span> <span class='ocrx_word' id='word_1_259' title='bbox 1297 2975 1396 3040; x_wconf 83' lang='lat' dir='ltr'>inter·</span> 
     </span>
     <span class='ocr_line' id='line_1_30' title="bbox 346 3060 1398 3152; baseline -0.003 -24"><span class='ocrx_word' id='word_1_260' title='bbox 346 3063 485 3152; x_wconf 88' lang='lat' dir='ltr'>positum</span> <span class='ocrx_word' id='word_1_261' title='bbox 507 3087 572 3130; x_wconf 88' lang='lat' dir='ltr'>esse</span> <span class='ocrx_word' id='word_1_262' title='bbox 588 3069 617 3145; x_wconf 78' lang='lat' dir='ltr'>f,</span> <span class='ocrx_word' id='word_1_263' title='bbox 632 3065 728 3130; x_wconf 92' lang='lat' dir='ltr'>modo</span> <span class='ocrx_word' id='word_1_264' title='bbox 746 3063 903 3130; x_wconf 89' lang='lat' dir='ltr'>omissum.</span> <span class='ocrx_word' id='word_1_265' title='bbox 922 3062 1014 3151; x_wconf 85' lang='lat' dir='ltr'>cujus</span> <span class='ocrx_word' id='word_1_266' title='bbox 1032 3062 1077 3126; x_wconf 88' lang='lat' dir='ltr'>rei</span> <span class='ocrx_word' id='word_1_267' title='bbox 1096 3060 1267 3126; x_wconf 84' lang='lat' dir='ltr'>similitudo</span> <span class='ocrx_word' id='word_1_268' title='bbox 1289 3061 1398 3150; x_wconf 87' lang='lat' dir='ltr'>aliqua</span> 
     </span>
     <span class='ocr_line' id='line_1_31' title="bbox 347 3146 1394 3237; baseline -0.001 -22"><span class='ocrx_word' id='word_1_269' title='bbox 347 3149 441 3216; x_wconf 88' lang='lat' dir='ltr'>estin</span> <span class='ocrx_word' id='word_1_270' title='bbox 457 3150 573 3216; x_wconf 85' lang='lat' dir='ltr'>Latino</span> <span class='ocrx_word' id='word_1_271' title='bbox 588 3175 736 3218; x_wconf 85' lang='lat' dir='ltr'>sermone.</span> <span class='ocrx_word' id='word_1_272' title='bbox 782 3149 971 3237; x_wconf 83' lang='lat' dir='ltr'>Antiquitu&#39;s</span> <span class='ocrx_word' id='word_1_273' title='bbox 985 3146 1233 3231; x_wconf 58' lang='lat' dir='ltr'>firitfirooffitvi,</span> <span class='ocrx_word' id='word_1_274' title='bbox 1240 3146 1394 3231; x_wconf 67' lang='lat' dir='ltr'>flammata,</span> 
     </span>
     <span class='ocr_line' id='line_1_32' title="bbox 347 3235 1396 3324; baseline -0.001 -24"><span class='ocrx_word' id='word_1_275' title='bbox 347 3235 421 3312; x_wconf 88' lang='lat' dir='ltr'>inde</span> <span class='ocrx_word' id='word_1_276' title='bbox 432 3237 504 3319; x_wconf 65' lang='lat' dir='ltr'>fito,</span> <span class='ocrx_word' id='word_1_277' title='bbox 517 3235 581 3320; x_wconf 83' lang='lat' dir='ltr'>sui,</span> <span class='ocrx_word' id='word_1_278' title='bbox 592 3235 721 3320; x_wconf 69' lang='lat' dir='ltr'>stimate.</span> <span class='ocrx_word' id='word_1_279' title='bbox 731 3239 821 3324; x_wconf 81' lang='lat' dir='ltr'>flavo</span> <span class='ocrx_word' id='word_1_280' title='bbox 835 3250 868 3303; x_wconf 88' lang='lat' dir='ltr'>et</span> <span class='ocrx_word' id='word_1_281' title='bbox 880 3238 961 3322; x_wconf 80' lang='lat' dir='ltr'>fluo,</span> <span class='ocrx_word' id='word_1_282' title='bbox 977 3236 1196 3322; x_wconf 74' lang='lat' dir='ltr'>undefluoiua</span> <span class='ocrx_word' id='word_1_283' title='bbox 1207 3237 1351 3322; x_wconf 74' lang='lat' dir='ltr'>fluvidus</span> <span class='ocrx_word' id='word_1_284' title='bbox 1363 3247 1396 3300; x_wconf 86' lang='lat' dir='ltr'>et</span> 
     </span>
     <span class='ocr_line' id='line_1_33' title="bbox 338 3320 1396 3410; baseline 0 -22"><span class='ocrx_word' id='word_1_285' title='bbox 338 3324 467 3410; x_wconf 69' lang='lat' dir='ltr'>fluidas.</span> <span class='ocrx_word' id='word_1_286' title='bbox 491 3324 598 3396; x_wconf 90' lang='lat' dir='ltr'>Itade</span> <span class='ocrx_word' id='word_1_287' title='bbox 613 3326 671 3390; x_wconf 96' lang='grc' dir='ltr'>λύω</span> <span class='ocrx_word' id='word_1_288' title='bbox 686 3323 846 3390; x_wconf 86' lang='lat' dir='ltr'>notissima</span> <span class='ocrx_word' id='word_1_289' title='bbox 859 3336 907 3389; x_wconf 88' lang='lat' dir='ltr'>est</span> <span class='ocrx_word' id='word_1_290' title='bbox 920 3323 1062 3390; x_wconf 85' lang='lat' dir='ltr'>doctrina</span> <span class='ocrx_word' id='word_1_291' title='bbox 1072 3320 1202 3401; x_wconf 79' lang='lat' dir='ltr'>Clarkii,</span> <span class='ocrx_word' id='word_1_292' title='bbox 1214 3345 1284 3388; x_wconf 88' lang='lat' dir='ltr'>esse</span> <span class='ocrx_word' id='word_1_293' title='bbox 1297 3322 1396 3410; x_wconf 91' lang='lat' dir='ltr'>hujus</span> 
     </span>
     <span class='ocr_line' id='line_1_34' title="bbox 348 3408 1396 3499; baseline 0 -25"><span class='ocrx_word' id='word_1_294' title='bbox 348 3409 436 3474; x_wconf 85' lang='lat' dir='ltr'>verbi</span> <span class='ocrx_word' id='word_1_295' title='bbox 452 3423 593 3498; x_wconf 84' lang='lat' dir='ltr'>tempora</span> <span class='ocrx_word' id='word_1_296' title='bbox 605 3410 711 3499; x_wconf 81' lang='lat' dir='ltr'>longe,</span> <span class='ocrx_word' id='word_1_297' title='bbox 727 3410 816 3487; x_wconf 92' lang='grc' dir='ltr'><strong>λύσω,</strong></span> <span class='ocrx_word' id='word_1_298' title='bbox 832 3410 931 3490; x_wconf 81' lang='grc' dir='ltr'><strong>ἔλυσα,</strong></span> <span class='ocrx_word' id='word_1_299' title='bbox 943 3417 1039 3490; x_wconf 81' lang='grc' dir='ltr'><strong>λύσαι,</strong></span> <span class='ocrx_word' id='word_1_300' title='bbox 1055 3409 1186 3488; x_wconf 81' lang='grc' dir='ltr'><strong>ἐλύσατο,</strong></span> <span class='ocrx_word' id='word_1_301' title='bbox 1202 3409 1318 3492; x_wconf 70' lang='grc' dir='ltr'><strong>λύομαι,</strong></span> <span class='ocrx_word' id='word_1_302' title='bbox 1335 3408 1396 3474; x_wconf 79' lang='lat' dir='ltr'>alia</span> 
     </span>
    </p>

    <p class='ocr_par' dir='ltr' id='par_1_7' title="bbox 219 3487 1394 3673">
     <span class='ocr_line' id='line_1_35' title="bbox 219 3487 1392 3580; baseline -0.004 -16"><span class='ocrx_word' id='word_1_303' title='bbox 219 3533 222 3538; x_wconf 95' lang='lat'>·</span> <span class='ocrx_word' id='word_1_304' title='bbox 348 3487 437 3564; x_wconf 85' lang='lat' dir='ltr'>brevi</span> <span class='ocrx_word' id='word_1_305' title='bbox 451 3496 561 3574; x_wconf 86' lang='lat' dir='ltr'>vocali,</span> <span class='ocrx_word' id='word_1_306' title='bbox 582 3496 671 3576; x_wconf 83' lang='grc' dir='ltr'><strong>ἔλυον,</strong></span> <span class='ocrx_word' id='word_1_307' title='bbox 688 3498 763 3576; x_wconf 87' lang='grc' dir='ltr'><strong>λύον,</strong></span> <span class='ocrx_word' id='word_1_308' title='bbox 779 3497 890 3580; x_wconf 77' lang='grc' dir='ltr'><strong>λύομεν,</strong></span> <span class='ocrx_word' id='word_1_309' title='bbox 905 3497 1034 3576; x_wconf 80' lang='grc' dir='ltr'><strong>λε’λυτοιι,</strong></span> <span class='ocrx_word' id='word_1_310' title='bbox 1051 3495 1139 3572; x_wconf 77' lang='grc' dir='ltr'><strong>λύθεν,</strong></span> <span class='ocrx_word' id='word_1_311' title='bbox 1156 3495 1248 3573; x_wconf 87' lang='grc' dir='ltr'><strong>λύσις,</strong></span> <span class='ocrx_word' id='word_1_312' title='bbox 1272 3497 1392 3574; x_wconf 57' lang='lat' dir='ltr'>limita</span> 
     </span>
     <span class='ocr_line' id='line_1_36' title="bbox 278 3581 1394 3673; baseline -0.001 -26"><span class='ocrx_word' id='word_1_313' title='bbox 278 3619 281 3624; x_wconf 87' lang='lat'>·</span> <span class='ocrx_word' id='word_1_314' title='bbox 348 3607 378 3647; x_wconf 87' lang='grc' dir='ltr'>ν.</span> <span class='ocrx_word' id='word_1_315' title='bbox 394 3583 436 3649; x_wconf 84' lang='lat' dir='ltr'>ad</span> <span class='ocrx_word' id='word_1_316' title='bbox 451 3591 487 3656; x_wconf 72' lang='grc' dir='ltr'><strong>Ε,</strong></span> <span class='ocrx_word' id='word_1_317' title='bbox 503 3587 577 3656; x_wconf 73' lang='lat'><strong>293.</strong></span> <span class='ocrx_word' id='word_1_318' title='bbox 621 3583 774 3673; x_wconf 86' lang='lat' dir='ltr'>Apertior</span> <span class='ocrx_word' id='word_1_319' title='bbox 788 3607 837 3650; x_wconf 84' lang='lat' dir='ltr'>res</span> <span class='ocrx_word' id='word_1_320' title='bbox 851 3597 909 3664; x_wconf 89' lang='lat' dir='ltr'>est,</span> <span class='ocrx_word' id='word_1_321' title='bbox 925 3583 950 3648; x_wconf 87' lang='lat' dir='ltr'>si</span> <span class='ocrx_word' id='word_1_322' title='bbox 960 3583 1028 3671; x_wconf 86' lang='lat' dir='ltr'>jam</span> <span class='ocrx_word' id='word_1_323' title='bbox 1050 3581 1195 3661; x_wconf 88' lang='lat' dir='ltr'>audieris,</span> <span class='ocrx_word' id='word_1_324' title='bbox 1210 3581 1308 3648; x_wconf 81' lang='lat' dir='ltr'>fuisse</span> <span class='ocrx_word' id='word_1_325' title='bbox 1322 3583 1394 3664; x_wconf 86' lang='grc' dir='ltr'><strong>λύω,</strong></span> 
     </span>
    </p>

    <p class='ocr_par' dir='ltr' id='par_1_8' title="bbox 348 3668 1393 3760">
     <span class='ocr_line' id='line_1_37' title="bbox 348 3668 1393 3760; baseline -0.004 -24"><span class='ocrx_word' id='word_1_326' title='bbox 348 3684 381 3736; x_wconf 90' lang='lat' dir='ltr'>et</span> <span class='ocrx_word' id='word_1_327' title='bbox 395 3675 485 3750; x_wconf 66' lang='lat' dir='ltr'>tofo,</span> <span class='ocrx_word' id='word_1_328' title='bbox 500 3671 541 3738; x_wconf 93' lang='lat' dir='ltr'>ab</span> <span class='ocrx_word' id='word_1_329' title='bbox 555 3671 616 3738; x_wconf 86' lang='lat' dir='ltr'>hoe</span> <span class='ocrx_word' id='word_1_330' title='bbox 629 3671 795 3760; x_wconf 85' lang='lat' dir='ltr'>producta,</span> <span class='ocrx_word' id='word_1_331' title='bbox 809 3670 851 3736; x_wconf 87' lang='lat' dir='ltr'>ab</span> <span class='ocrx_word' id='word_1_332' title='bbox 871 3669 925 3735; x_wconf 93' lang='lat' dir='ltr'>illo</span> <span class='ocrx_word' id='word_1_333' title='bbox 943 3681 1086 3758; x_wconf 87' lang='lat' dir='ltr'>correpta</span> <span class='ocrx_word' id='word_1_334' title='bbox 1099 3668 1219 3734; x_wconf 87' lang='lat' dir='ltr'>venisse</span> <span class='ocrx_word' id='word_1_335' title='bbox 1238 3681 1393 3758; x_wconf 78' lang='lat' dir='ltr'>temporo.</span> 
     </span>
    </p>

    <p class='ocr_par' dir='ltr' id='par_1_9' title="bbox 349 3755 1395 3844">
     <span class='ocr_line' id='line_1_38' title="bbox 349 3755 1395 3844; baseline -0.001 -21"><span class='ocrx_word' id='word_1_336' title='bbox 349 3782 379 3824; x_wconf 87' lang='lat' dir='ltr'>v.</span> <span class='ocrx_word' id='word_1_337' title='bbox 394 3757 437 3823; x_wconf 85' lang='lat' dir='ltr'>de</span> <span class='ocrx_word' id='word_1_338' title='bbox 456 3757 506 3822; x_wconf 90' lang='lat' dir='ltr'>his</span> <span class='ocrx_word' id='word_1_339' title='bbox 524 3757 609 3824; x_wconf 84' lang='lat' dir='ltr'>diota</span> <span class='ocrx_word' id='word_1_340' title='bbox 628 3783 665 3824; x_wconf 90' lang='lat' dir='ltr'>su</span> <span class='ocrx_word' id='word_1_341' title='bbox 690 3809 696 3822; x_wconf 95' lang='lat'><em>.</em></span> <span class='ocrx_word' id='word_1_342' title='bbox 712 3761 861 3824; x_wconf 86' lang='lat' dir='ltr'>Excursu</span> <span class='ocrx_word' id='word_1_343' title='bbox 877 3758 905 3822; x_wconf 94' lang='lat' dir='ltr'>I.</span> <span class='ocrx_word' id='word_1_344' title='bbox 921 3757 963 3821; x_wconf 80' lang='lat' dir='ltr'>ed</span> <span class='ocrx_word' id='word_1_345' title='bbox 977 3761 1009 3821; x_wconf 92' lang='lat' dir='ltr'>P.</span> <span class='ocrx_word' id='word_1_346' title='bbox 1024 3780 1055 3844; x_wconf 87' lang='lat' dir='ltr'>p.</span> <span class='ocrx_word' id='word_1_347' title='bbox 1069 3757 1133 3824; x_wconf 75' lang='lat'>407</span> <span class='ocrx_word' id='word_1_348' title='bbox 1147 3779 1192 3842; x_wconf 84' lang='lat' dir='ltr'>sq.</span> <span class='ocrx_word' id='word_1_349' title='bbox 1239 3755 1297 3835; x_wconf 89' lang='lat' dir='ltr'>Iis,</span> <span class='ocrx_word' id='word_1_350' title='bbox 1312 3778 1395 3843; x_wconf 84' lang='lat' dir='ltr'>quae</span> 
     </span>
    </p>

    <p class='ocr_par' dir='ltr' id='par_1_10' title="bbox 282 3783 1393 4107">
     <span class='ocr_line' id='line_1_39' title="bbox 282 3783 1393 3933; baseline -0.002 -23"><span class='ocrx_word' id='word_1_351' title='bbox 282 3839 284 3856; x_wconf 78' lang='lat'>&#39;</span> <span class='ocrx_word' id='word_1_352' title='bbox 349 3844 394 3910; x_wconf 92' lang='lat' dir='ltr'>ibi</span> <span class='ocrx_word' id='word_1_353' title='bbox 407 3843 536 3916; x_wconf 81' lang='lat' dir='ltr'>laudata</span> <span class='ocrx_word' id='word_1_354' title='bbox 549 3859 634 3925; x_wconf 87' lang='lat' dir='ltr'>sunt,</span> <span class='ocrx_word' id='word_1_355' title='bbox 645 3783 737 3926; x_wconf 63' lang='lat' dir='ltr'>aide,</span> <span class='ocrx_word' id='word_1_356' title='bbox 747 3845 834 3933; x_wconf 93' lang='lat' dir='ltr'>quod</span> <span class='ocrx_word' id='word_1_357' title='bbox 847 3844 950 3932; x_wconf 88' lang='lat' dir='ltr'>primo</span> <span class='ocrx_word' id='word_1_358' title='bbox 963 3842 1032 3910; x_wconf 84' lang='lat' dir='ltr'>loeo</span> <span class='ocrx_word' id='word_1_359' title='bbox 1045 3865 1216 3908; x_wconf 88' lang='lat' dir='ltr'>memorare</span> <span class='ocrx_word' id='word_1_360' title='bbox 1226 3841 1393 3921; x_wconf 80' lang='lat' dir='ltr'>debebam,</span> 
     </span>
     <span class='ocr_line' id='line_1_40' title="bbox 349 3927 1392 4020; baseline -0.005 -24"><span class='ocrx_word' id='word_1_361' title='bbox 349 3932 417 4017; x_wconf 80' lang='grc' dir='ltr'><strong>φύσι.</strong></span> <span class='ocrx_word' id='word_1_362' title='bbox 432 3931 520 4019; x_wconf 89' lang='lat' dir='ltr'>quod</span> <span class='ocrx_word' id='word_1_363' title='bbox 557 3931 670 3999; x_wconf 88' lang='lat' dir='ltr'>riorem</span> <span class='ocrx_word' id='word_1_364' title='bbox 689 3933 785 3999; x_wconf 90' lang='lat' dir='ltr'>habet</span> <span class='ocrx_word' id='word_1_365' title='bbox 805 3930 991 4020; x_wconf 87' lang='lat' dir='ltr'>productam</span> <span class='ocrx_word' id='word_1_366' title='bbox 1009 3929 1043 3994; x_wconf 89' lang='lat' dir='ltr'>in</span> <span class='ocrx_word' id='word_1_367' title='bbox 1056 3929 1146 4011; x_wconf 88' lang='grc' dir='ltr'><strong>φύσω,</strong></span> <span class='ocrx_word' id='word_1_368' title='bbox 1159 3927 1283 4010; x_wconf 66' lang='lat' dir='ltr'>alonna,</span> <span class='ocrx_word' id='word_1_369' title='bbox 1298 3936 1392 4012; x_wconf 77' lang='grc' dir='ltr'><strong>φῦλον.</strong></span> 
     </span>
     <span class='ocr_line' id='line_1_41' title="bbox 350 4015 1391 4107; baseline -0.006 -23"><span class='ocrx_word' id='word_1_370' title='bbox 350 4018 478 4102; x_wconf 76' lang='grc' dir='ltr'><strong>φοιολιή.</strong></span> <span class='ocrx_word' id='word_1_371' title='bbox 527 4085 530 4091; x_wconf 82' lang='grc'><strong>,</strong></span> <span class='ocrx_word' id='word_1_372' title='bbox 557 4031 688 4084; x_wconf 86' lang='lat' dir='ltr'>ttamen</span> <span class='ocrx_word' id='word_1_373' title='bbox 702 4042 830 4107; x_wconf 90' lang='lat' dir='ltr'>quoque</span> <span class='ocrx_word' id='word_1_374' title='bbox 844 4016 1001 4096; x_wconf 76' lang='grc' dir='ltr'><strong>τηλεθόωσα</strong></span> <span class='ocrx_word' id='word_1_375' title='bbox 1015 4016 1071 4100; x_wconf 78' lang='grc' dir='ltr'><strong>φύει</strong></span> <span class='ocrx_word' id='word_1_376' title='bbox 1086 4021 1123 4079; x_wconf 93' lang='grc' dir='ltr'>Ζ.</span> <span class='ocrx_word' id='word_1_377' title='bbox 1136 4018 1200 4080; x_wconf 79' lang='lat'>148</span> <span class='ocrx_word' id='word_1_378' title='bbox 1213 4015 1315 4098; x_wconf 71' lang='grc' dir='ltr'><strong>τέφυι</strong></span> <span class='ocrx_word' id='word_1_379' title='bbox 1331 4015 1391 4096; x_wconf 78' lang='grc' dir='ltr'>φυῆ.</span> 
     </span>
    </p>

    <p class='ocr_par' dir='ltr' id='par_1_11' title="bbox 286 4101 1393 4290">
     <span class='ocr_line' id='line_1_42' title="bbox 286 4101 1392 4193; baseline -0.004 -23"><span class='ocrx_word' id='word_1_380' title='bbox 286 4158 292 4162; x_wconf 92' lang='grc'><strong>.</strong></span> <span class='ocrx_word' id='word_1_381' title='bbox 348 4104 441 4186; x_wconf 84' lang='grc' dir='ltr'><strong>φοτύν.</strong></span> <span class='ocrx_word' id='word_1_382' title='bbox 457 4105 570 4188; x_wconf 83' lang='grc' dir='ltr'><strong>φυτεύω.</strong></span> <span class='ocrx_word' id='word_1_383' title='bbox 587 4106 691 4188; x_wconf 76' lang='grc' dir='ltr'><strong>εὐφυής.</strong></span> <span class='ocrx_word' id='word_1_384' title='bbox 707 4105 796 4189; x_wconf 84' lang='grc' dir='ltr'><strong>φύσις,</strong></span> <span class='ocrx_word' id='word_1_385' title='bbox 808 4127 890 4193; x_wconf 87' lang='lat' dir='ltr'>quae</span> <span class='ocrx_word' id='word_1_386' title='bbox 903 4103 1007 4193; x_wconf 89' lang='lat' dir='ltr'>priore</span> <span class='ocrx_word' id='word_1_387' title='bbox 1020 4101 1139 4192; x_wconf 83' lang='lat' dir='ltr'>syllaba</span> <span class='ocrx_word' id='word_1_388' title='bbox 1150 4115 1296 4190; x_wconf 89' lang='lat' dir='ltr'>eorrepta</span> <span class='ocrx_word' id='word_1_389' title='bbox 1309 4114 1392 4168; x_wconf 82' lang='lat' dir='ltr'>sunt</span> 
     </span>
     <span class='ocr_line' id='line_1_43' title="bbox 350 4187 1393 4290; baseline -0.002 -34"><span class='ocrx_word' id='word_1_390' title='bbox 350 4191 430 4258; x_wconf 86' lang='lat' dir='ltr'>Fuit</span> <span class='ocrx_word' id='word_1_391' title='bbox 437 4215 519 4281; x_wconf 65' lang='lat' dir='ltr'>,ergo</span> <span class='ocrx_word' id='word_1_392' title='bbox 530 4211 588 4277; x_wconf 87' lang='grc' dir='ltr'><strong>φυω</strong></span> <span class='ocrx_word' id='word_1_393' title='bbox 599 4205 631 4256; x_wconf 90' lang='lat' dir='ltr'>et</span> <span class='ocrx_word' id='word_1_394' title='bbox 646 4197 732 4276; x_wconf 65' lang='grc' dir='ltr'><strong>φούω.</strong></span> <span class='ocrx_word' id='word_1_395' title='bbox 749 4195 773 4256; x_wconf 77' lang='lat' dir='ltr'>a</span> <span class='ocrx_word' id='word_1_396' title='bbox 790 4191 827 4256; x_wconf 87' lang='grc' dir='ltr'><strong>ύω</strong></span> <span class='ocrx_word' id='word_1_397' title='bbox 840 4191 874 4256; x_wconf 89' lang='lat' dir='ltr'>in</span> <span class='ocrx_word' id='word_1_398' title='bbox 887 4191 973 4256; x_wconf 86' lang='lat' dir='ltr'>buno</span> <span class='ocrx_word' id='word_1_399' title='bbox 987 4211 1113 4256; x_wconf 83' lang='lat' dir='ltr'>censum</span> <span class='ocrx_word' id='word_1_400' title='bbox 1127 4187 1307 4270; x_wconf 84' lang='lat' dir='ltr'>retuleram,</span> <span class='ocrx_word' id='word_1_401' title='bbox 1318 4187 1393 4290; x_wconf 76' lang='lat' dir='ltr'>quia</span> 
     </span>
    </p>

    <p class='ocr_par' dir='ltr' id='par_1_12' title="bbox 352 4219 1393 4370">
     <span class='ocr_line' id='line_1_44' title="bbox 352 4219 1393 4370; baseline -0.004 -26"><span class='ocrx_word' id='word_1_402' title='bbox 352 4283 388 4352; x_wconf 79' lang='grc' dir='ltr'>Β.</span> <span class='ocrx_word' id='word_1_403' title='bbox 403 4280 464 4350; x_wconf 83' lang='lat'>191</span> <span class='ocrx_word' id='word_1_404' title='bbox 481 4293 527 4347; x_wconf 87' lang='lat' dir='ltr'>est</span> <span class='ocrx_word' id='word_1_405' title='bbox 539 4283 610 4367; x_wconf 72' lang='grc' dir='ltr'><strong>ἵδρυε</strong></span> <span class='ocrx_word' id='word_1_406' title='bbox 626 4279 718 4356; x_wconf 77' lang='grc' dir='ltr'><strong>λαούς.</strong></span> <span class='ocrx_word' id='word_1_407' title='bbox 735 4219 790 4344; x_wconf 67' lang='grc' dir='ltr'>τού</span> <span class='ocrx_word' id='word_1_408' title='bbox 804 4278 896 4350; x_wconf 88' lang='lat' dir='ltr'>video</span> <span class='ocrx_word' id='word_1_409' title='bbox 909 4277 969 4348; x_wconf 91' lang='lat' dir='ltr'>hoc</span> <span class='ocrx_word' id='word_1_410' title='bbox 986 4275 1182 4370; x_wconf 86' lang='lat' dir='ltr'>pronuntiari</span> <span class='ocrx_word' id='word_1_411' title='bbox 1201 4299 1293 4363; x_wconf 88' lang='lat' dir='ltr'>posse</span> <span class='ocrx_word' id='word_1_412' title='bbox 1311 4275 1393 4343; x_wconf 85' lang='lat' dir='ltr'>bruis</span> 
     </span>
    </p>
   </div>
   <div class='ocr_carea' id='block_1_3' title="bbox 0 0 1511 5052">
    <p class='ocr_par' dir='ltr' id='par_1_13' title="bbox 0 0 1511 5052">
     <span class='ocr_line' id='line_1_45' title="bbox 0 0 1511 5052; baseline 0 0"><span class='ocrx_word' id='word_1_413' title='bbox 0 0 1511 5052; x_wconf 95' lang='lat' dir='ltr'> </span> 
     </span>
    </p>
   </div>
  </div>
 </body>
</html>
