2998 5052
312 339 385 404 284
673 333 926 400 EXCURSUS
950 332 1018 398 111.

315 509 393 574 dem
407 493 513 572 autem
527 505 704 571 historicam
718 505 846 570 omuino
867 527 924 568 nos
943 503 1058 569 habere
1077 501 1208 582 nullam,
1222 514 1311 590 patet
1323 524 1363 566 ex

320 595 397 682 ipsis
418 591 657 672 narrationibus,
680 616 761 679 quae
782 591 824 655 ad
845 613 902 655 nos
923 613 1111 678 pervenere3
1134 589 1256 654 fundus
1280 588 1362 652 enim

272 699 275 714 ¹
317 703 430 745 eorum
452 693 498 744 est
518 678 633 767 ‚partim
655 679 740 744 saura
759 677 890 765 antiqua
909 677 1028 742 incerta
1040 691 1073 742 et
1089 697 1203 764 parum
1223 673 1364 751 definita,

318 767 436 856 ,partim
451 779 626 830 commenta
637 765 808 863 ingeniosa,
820 763 934 851 partim
947 763 1074 828 fabulae
1087 762 1194 841 aniles,
1206 784 1246 825 ex
1261 783 1365 848 gram-

183 921 185 926 ,
304 853 506 917 ··maticorum
526 866 560 916 et
582 851 799 939 sophistarum
823 849 950 913 Scholia.
973 849 1012 914 cf.
1031 850 1193 936 disputata
1213 848 1247 910 in
1271 849 1365 911 Com-

318 939 511 1003 mentatione
528 940 571 1001 -de
591 939 717 1022 antiquo
738 936 868 1008 Hortari
893 935 1016 1012 lectiam
1038 935 1230 1020 indagando,
1254 931 1366 1018 diJ‘udi-

306 1027 422 1088 --condn
436 1034 466 1088 et
479 1025 677 1088 restituendo.-
693 1025 787 1092 1795.
802 1021 836 1085 in
851 1023 1059 1086 Commentat.
1078 1023 1146 1086 Soc.
1163 1021 1204 1085 R.
1220 1022 1269 1090 Sc.
1284 1021 1365 1096 Got-

318 1109 346 1174 ti
392 1109 484 1174 .Vol.
502 1111 571 1173 III.
611 1111 695 1178 .159
711 1133 756 1195 sq.
772 1109 883 1194 inqua
904 1107 1031 1172 omnino
1047 1107 1141 1195 plura
1160 1105 1200 1170 de
1217 1105 1267 1183 iis,
1282 1127 1366 1191 quae

304 1194 354 1258 vin
398 1195 424 1258 is
445 1131 643 1259 Excmiius
664 1194 805 1282 exposite
827 1207 910 1271 sunt,
933 1193 995 1256 alia
1015 1193 1171 1271 disertius,
1193 1191 1284 1255 lineis
1305 1190 1374 1264 alia¹

303 1280 439 1368 »primis,
463 1281 665 1346 adumbravi:
693 1296 741 1359 ut,
764 1279 822 1344 nisi
843 1279 968 1343 chartae
989 1279 1182 1366 parcendum
1203 1279 1365 1356 ducerem,

306 1383 388 1431 neam
403 1367 435 1431 in
450 1367 509 1432 hac
523 1366 659 1431 editione
673 1379 813 1453 repetere
826 1365 1013 1430 maluissem.
1350 1417 1353 1424 .

364 1454 432 1517 Nec
454 1454 567 1531 obstat,
587 1454 675 1540 quod
696 1452 865 1538 antiquitas
886 1452 967 1516 hanc
987 1451 1082 1516 fidem
1104 1450 1202 1538 vulgo
1223 1448 1366 1528 retinuit,

315 1561 386 1602 esse
401 1541 579 1603 Homerum
596 1539 734 1626 aliquem
755 1551 891 1626 poetam,
906 1551 1064 1602 auctorem
1081 1535 1200 1601 Iliados
1214 1548 1247 1600 et
1261 1535 1367 1623 Odys-

316 1647 401 1703 seae,
417 1647 516 1711 eoque
531 1625 655 1688 nomine
675 1624 722 1688 uti
739 1625 806 1712 jam
822 1623 997 1702 Platonem,
1013 1621 1228 1712 Aristotelem,
1246 1635 1281 1687 et
1297 1623 1366 1710 jam

315 1723 393 1775 ante
421 1733 474 1774 eos
503 1710 715 1789 Herodotum,
745 1709 802 1798 qui
830 1732 894 1774 non
921 1710 1017 1773 modo
1042 1723 1214 1796 utrumque
1239 1731 1367 1776 carmen

311 1796 383 1882 jam
405 1809 495 1860 norat
514 1809 545 1860 et
564 1797 689 1861 nomine
711 1796 844 1861 Iliadem
866 1807 897 1861 et
918 1795 970 1861 Od
993 1817 1092 1862 sacam
1112 1795 1232 1874 laudat,
1252 1817 1365 1858 verum

315 1880 601 2032 settim
623 1819 1366 2045 assistentesque

243 2130 249 2138 ,
307 2051 453 2118 laudatis
467 2076 527 2116 vas
541 2059 575 2116 Z
586 1992 769 2132 239—292.
790 2055 851 2120 Od.
865 2061 901 2118 Δ.
914 1991 1148 2130 lim-QOgdtp
1147 2056 1220 2119 351.
1237 2056 1268 2116 2.
1284 2053 1364 2118 dum

308 2152 428 2204 contra
443 2139 520 2204 hoec
534 2139 654 2227 Cypria
669 2139 816 2220 carmina,
832 2139 996 2228 inquibus
1015 2140 1170 2205 contraria
1187 2161 1364 2204 memoran-

252 2295 256 2302 .
308 2237 384 2304 tur,
399 2225 468 2324 ejus
481 2248 547 2290 esse
561 2238 664 2312 negat.
709 2227 794 2290 Nam
813 2225 967 2313 ejusmodi
984 2226 1182 2312 quaestiones
1200 2225 1365 2290 historicas

309 2310 496 2376 subtihores
508 2311 597 2376 haud
609 2311 700 2376 facile
713 2311 917 2378 instituerunt
930 2327 1063 2386 veteres3
1080 2324 1150 2376 tum
1165 2335 1241 2378 vero
1254 2311 1363 2392 libelli,

313 2397 351 2462 in
366 2397 482 2484 quibus
495 2397 529 2462 id
543 2411 669 2485 egerant
684 2398 744 2462 viri
758 2396 853 2477 docti,
869 2412 906 2463 ut
919 2398 952 2462 in
966 2399 1043 2462 haec
1057 2397 1133 2462 data
1146 2422 1242 2488 opera
1257 2397 1363 2485 iuqui-

318 2496 433 2634 rqreqq,
440 2483 579 2634 1qeen'ere,
595 2508 651 2583 nec
669 2508 708 2548 ex
726 2484 763 2550 iis
773 2484 841 2636 tqisi
858 2483 984 2634 'sitngula
1002 2483 1096 2563 dicta,
1111 2507 1169 2550 nec
1182 2485 1274 2550 docte
1289 2483 1363 2550 satis

314 2591 557 2634 esoerex
615 2593 625 2633 1
685 2595 774 2635 serva
821 2593 903 2636 sun.
1293 2625 1297 2632 .

361 2655 548 2720 Aristoteles
558 2583 701 2742 pddiiiladm
725 2657 767 2721 ad
791 2659 980 2741 questiones
1005 2655 1180 2722 subtiliores
1203 2657 1363 2722 lai-storicoe

310 2739 512 2808 descendisse
536 2741 624 2806 haud
643 2741 780 2822 videtur,
802 2742 860 2807 etsi
883 2742 935 2808 ille
957 2742 1091 2808 Homeri
1112 2743 1251 2828 ,διόρθωσιν
1271 2765 1363 2808 cura-

317 2840 416 2907 verat,
436 2841 468 2893 et
483 2829 657 2916 -ἆπορῆματα
677 2829 826 2912 Ὀμηρικαῖ
843 2828 1017 2917 scripserat.
1062 2831 1103 2892 In
1123 2827 1162 2892 iis
1183 2851 1265 2927 quae
1286 2828 1362 2894 inde
1492 2869 1493 2906 ,

310 2917 438 2979 servata
456 2929 530 2980 sunt
546 2929 690 3013 apparet,
706 2914 909 3014 subtilitatem
929 2938 1004 2990 eum
1017 2913 1272 3002 'philosophicam
1289 2937 1365 3003 pas-¹
1492 2917 1493 2948 ¹

295 3047 298 3054 ,
315 2999 375 3064 sim
390 3023 426 3065 ac
439 3000 625 3066 rhetoricam
639 3023 739 3088 magis
752 3025 818 3065 esse
831 3001 1023 3089 amplexum,
1036 3023 1132 3150 quam
1147 3023 1273 3066 sensum
1285 3024 1362 3089 poe-

315 3085 414 3151 ticum
429 3110 572 3152 servasse.
618 3089 669 3152 Ne
682 3087 764 3152 enim
779 3109 826 3165 ea,
841 3109 923 3176 quae
936 3087 970 3150 in
986 3085 1203 3237 Sqqnistarum
1217 3086 1362 3153 Elencho

315 3186 538 3249 memorantur,
553 3173 587 3238 in
605 3171 721 3238 librum
741 3173 781 3238 de
801 3172 929 3238 Poetica
947 3187 1017 3237 trau
1064 3185 1107 3251 ta,
1121 3185 1272 3265 repetam,
1288 3173 1361 3261 quis

310 3279 379 3322 non
393 3258 660 3324 mireturatanto
673 3258 752 3336 viro,
767 3259 823 3345 qui
837 3257 1359 3350 dePoeticatampreeclareegit,
1491 3247 1492 3278 ³

313 3342 348 3406 in
367 3357 491 3430 poetam
510 3345 611 3408 notari
628 3344 768 3432 potuisse
786 3367 834 3423 ea,
849 3367 931 3432 quae
948 3369 978 3410 v.
994 3368 1020 3410 c.
1038 3345 1080 3409 ad
1099 3351 1132 3410 Γ.
1149 3347 1223 3410 441.
1241 3367 1360 3412 memo·

313 3443 436 3510 rantru,
457 3451 514 3494 cur
535 3429 625 3494 Paris
646 3429 968 3517 Helenae-amplexus
985 3435 1139 3520 appetat?
1161 3444 1217 3498 aut
1234 3436 1272 3496 Λ.
1292 3433 1369 3518 385.

311 3515 514 3673 *cdd
534 3516 1158 3690 {atteram
1173 3519 1357 3670 §.tte

313 3624 418 3755 ilririt..
436 3690 509 3754 Non
514 3651 630 3778 itaque
644 3687 740 3755 miror
754 3711 828 3754 eum
841 3689 901 3754 hoc
915 3711 1032 3778 ponere
1047 3702 1195 3776 tanquam
1210 3673 1356 3777 opinione¹

312 3773 472 3844 communi
490 3789 662 3863 receptum,
677 3775 791 3841 vixisse
807 3773 945 3864 aliquem
967 3775 1144 3840 Homerum
1158 3775 1214 3865 qui
1233 3792 1356 3844 utrum·

281 3923 283 3928 .
313 3887 377 3953 que
399 3883 511 3949 poema
531 3861 713 3927 condiderit.
759 3862 850 3928 Idem
871 3881 936 3926 non
956 3860 1082 3928 dubitat
1102 3861 1113 3926 i
1151 3861 1200 3927 ''us
1222 3861 1355 3928 Homeri

312 3974 379 4016 esse
397 3946 591 4036 prooemium
611 3947 729 4014 Iliados
747 3971 773 4013 c.
790 3947 928 4027 XXIV,
943 3949 973 4012 5.
997 3953 1011 4012 l
1032 3949 1060 4012 δὲ
1081 3951 1170 4032 ὄλγα
1190 3949 1356 4036 operaturi-

314 4059 511 4186 W'liairqaiius
526 4121 581 4186 Or.
596 4120 638 4185 ad
653 4120 711 4186 Gr.
727 4143 753 4184 c.
763 4123 805 4186 48
819 4131 851 4185 et
865 4141 957 4184 exeo
970 4120 1088 4185 Euseb.
1101 4121 1214 4208 Praep.
1226 4121 1290 4186 Eu.
1304 4121 1352 4199 X,

314 4208 365 4271 11.
388 4207 748 4272 memormt'numerum
769 4227 920 4295 magnum
942 4227 1061 4283 eorum,
1080 4205 1136 4292 qui
1154 4205 1195 4270 de
1213 4208 1354 4272 Homero

313 4291 516 4366 tradiderint3
540 4294 599 4378 περὶ
614 4296 673 4380 γὰρ
687 4293 879 4372 visitatricem
894 4299 942 4356 τοῦ
954 4293 1089 4378 Ὁμήρου,
1104 4291 1199 4377 γίνους
1213 4319 1244 4357 τι
1258 4296 1352 4370 αὐτοῦ,
