<?xml version="1.0" encoding="UTF-8"?>
<!DOCTYPE html PUBLIC "-//W3C//DTD XHTML 1.0 Transitional//EN"
    "http://www.w3.org/TR/xhtml1/DTD/xhtml1-transitional.dtd">
<html xmlns="http://www.w3.org/1999/xhtml" xml:lang="en" lang="en">
 <head>
  <title>
</title>
<meta http-equiv="Content-Type" content="text/html;charset=utf-8" />
  <meta name='ocr-system' content='tesseract 3.04.00' />
  <meta name='ocr-capabilities' content='ocr_page ocr_carea ocr_par ocr_line ocrx_word'/>
</head>
<body>
  <div class='ocr_page' id='page_1' title='image "./excursusinhomer00hermgoog_0162.png"; bbox 0 0 3008 5056; ppageno 0'>
   <div class='ocr_carea' id='block_1_1' title="bbox 476 335 1198 430">
    <p class='ocr_par' dir='ltr' id='par_1_1' title="bbox 476 335 1198 430">
     <span class='ocr_line' id='line_1_1' title="bbox 476 335 1198 430; baseline 0.019 -17"><span class='ocrx_word' id='word_1_1' title='bbox 476 351 545 414; x_wconf 79' lang='lat' dir='ltr'><em>An</em></span> <span class='ocrx_word' id='word_1_2' title='bbox 569 350 718 417; x_wconf 81' lang='lat' dir='ltr'><em>mmo.</em></span> <span class='ocrx_word' id='word_1_3' title='bbox 740 359 776 418; x_wconf 87' lang='lat' dir='ltr'><em>r.</em></span> <span class='ocrx_word' id='word_1_4' title='bbox 799 335 871 422; x_wconf 78' lang='lat' dir='ltr'><em>sss.</em></span> <span class='ocrx_word' id='word_1_5' title='bbox 1135 357 1198 430; x_wconf 74' lang='lat'><em>149</em></span> 
     </span>
    </p>
   </div>
   <div class='ocr_carea' id='block_1_2' title="bbox 151 507 1197 1210">
    <p class='ocr_par' dir='ltr' id='par_1_2' title="bbox 153 507 1197 769">
     <span class='ocr_line' id='line_1_2' title="bbox 156 507 1197 613; baseline 0.02 -42"><span class='ocrx_word' id='word_1_6' title='bbox 156 507 254 574; x_wconf 85' lang='lat' dir='ltr'><em>multa</em></span> <span class='ocrx_word' id='word_1_7' title='bbox 274 513 491 584; x_wconf 75' lang='lat' dir='ltr'><em>observatione</em></span> <span class='ocrx_word' id='word_1_8' title='bbox 512 522 588 586; x_wconf 92' lang='lat' dir='ltr'><em>mihi</em></span> <span class='ocrx_word' id='word_1_9' title='bbox 610 538 762 605; x_wconf 79' lang='lat' dir='ltr'><strong>constare,</strong></span> <span class='ocrx_word' id='word_1_10' title='bbox 777 540 809 591; x_wconf 88' lang='lat' dir='ltr'><em>et</em></span> <span class='ocrx_word' id='word_1_11' title='bbox 823 549 916 592; x_wconf 89' lang='lat' dir='ltr'><em>usum</em></span> <span class='ocrx_word' id='word_1_12' title='bbox 930 526 1065 613; x_wconf 83' lang='lat' dir='ltr'><strong>aliquem</strong></span> <span class='ocrx_word' id='word_1_13' title='bbox 1079 527 1112 591; x_wconf 90' lang='lat' dir='ltr'><em>in</em></span> <span class='ocrx_word' id='word_1_14' title='bbox 1125 529 1197 592; x_wconf 83' lang='lat' dir='ltr'><em>Ho-</em></span> 
     </span>
     <span class='ocr_line' id='line_1_3' title="bbox 155 596 1196 702; baseline 0.021 -45"><span class='ocrx_word' id='word_1_15' title='bbox 155 596 274 662; x_wconf 87' lang='lat' dir='ltr'><em>mericis</em></span> <span class='ocrx_word' id='word_1_16' title='bbox 296 600 412 668; x_wconf 86' lang='lat' dir='ltr'><em>habere</em></span> <span class='ocrx_word' id='word_1_17' title='bbox 425 604 492 669; x_wconf 84' lang='lat' dir='ltr'><em>visa</em></span> <span class='ocrx_word' id='word_1_18' title='bbox 512 623 604 684; x_wconf 78' lang='lat' dir='ltr'><em>sunt3</em></span> <span class='ocrx_word' id='word_1_19' title='bbox 629 611 687 675; x_wconf 85' lang='lat' dir='ltr'><em>etsi</em></span> <span class='ocrx_word' id='word_1_20' title='bbox 701 635 804 700; x_wconf 87' lang='lat' dir='ltr'><em>neque</em></span> <span class='ocrx_word' id='word_1_21' title='bbox 823 612 930 678; x_wconf 90' lang='lat' dir='ltr'><em>dehis</em></span> <span class='ocrx_word' id='word_1_22' title='bbox 949 635 1021 677; x_wconf 88' lang='lat' dir='ltr'><em>eum</em></span> <span class='ocrx_word' id='word_1_23' title='bbox 1036 613 1196 702; x_wconf 83' lang='lat' dir='ltr'><em>quopiam,</em></span> 
     </span>
     <span class='ocr_line' id='line_1_4' title="bbox 153 681 814 769; baseline 0.024 -24"><span class='ocrx_word' id='word_1_24' title='bbox 153 681 208 766; x_wconf 88' lang='lat' dir='ltr'><em>qui</em></span> <span class='ocrx_word' id='word_1_25' title='bbox 222 682 313 750; x_wconf 80' lang='lat' dir='ltr'><em>aliter</em></span> <span class='ocrx_word' id='word_1_26' title='bbox 326 705 461 769; x_wconf 87' lang='lat' dir='ltr'><em>censeat,</em></span> <span class='ocrx_word' id='word_1_27' title='bbox 476 697 662 762; x_wconf 70' lang='lat' dir='ltr'>contendere</span> <span class='ocrx_word' id='word_1_28' title='bbox 676 697 814 763; x_wconf 65' lang='lat' dir='ltr'><em>lubens.</em></span> 
     </span>
    </p>

    <p class='ocr_par' dir='ltr' id='par_1_3' title="bbox 151 769 1197 1210">
     <span class='ocr_line' id='line_1_5' title="bbox 197 769 1197 864; baseline 0.02 -33"><span class='ocrx_word' id='word_1_29' title='bbox 197 769 309 836; x_wconf 88' lang='lat' dir='ltr'>Fuisse</span> <span class='ocrx_word' id='word_1_30' title='bbox 330 773 428 861; x_wconf 88' lang='lat' dir='ltr'><em>igitur</em></span> <span class='ocrx_word' id='word_1_31' title='bbox 449 781 663 864; x_wconf 71' lang='lat' dir='ltr'><em>antiquioribus</em></span> <span class='ocrx_word' id='word_1_32' title='bbox 679 785 804 850; x_wconf 76' lang='lat' dir='ltr'><em>Graecis</em></span> <span class='ocrx_word' id='word_1_33' title='bbox 825 796 974 851; x_wconf 84' lang='lat' dir='ltr'><em>certarum</em></span> <span class='ocrx_word' id='word_1_34' title='bbox 990 807 1096 850; x_wconf 85' lang='lat' dir='ltr'><em>uocum</em></span> <span class='ocrx_word' id='word_1_35' title='bbox 1110 809 1129 849; x_wconf 90' lang='lat' dir='ltr'><em>a</em></span> <span class='ocrx_word' id='word_1_36' title='bbox 1142 809 1197 850; x_wconf 86' lang='lat' dir='ltr'><em>vo-</em></span> 
     </span>
     <span class='ocr_line' id='line_1_6' title="bbox 153 853 1197 958; baseline 0.021 -43"><span class='ocrx_word' id='word_1_37' title='bbox 153 853 209 916; x_wconf 88' lang='lat' dir='ltr'><em>eali</em></span> <span class='ocrx_word' id='word_1_38' title='bbox 223 855 286 930; x_wconf 88' lang='lat' dir='ltr'><em>inci</em></span> <span class='ocrx_word' id='word_1_39' title='bbox 309 858 440 926; x_wconf 89' lang='lat' dir='ltr'><em>ientium</em></span> <span class='ocrx_word' id='word_1_40' title='bbox 452 871 726 946; x_wconf 76' lang='lat' dir='ltr'><em>pronuntiationem</em></span> <span class='ocrx_word' id='word_1_41' title='bbox 738 870 887 958; x_wconf 85' lang='lat' dir='ltr'><em>aliquam,</em></span> <span class='ocrx_word' id='word_1_42' title='bbox 897 895 979 957; x_wconf 87' lang='lat' dir='ltr'><em>quae</em></span> <span class='ocrx_word' id='word_1_43' title='bbox 990 871 1082 934; x_wconf 86' lang='lat' dir='ltr'><em>etiam</em></span> <span class='ocrx_word' id='word_1_44' title='bbox 1094 873 1125 936; x_wconf 87' lang='lat' dir='ltr'><em>in</em></span> <span class='ocrx_word' id='word_1_45' title='bbox 1136 895 1197 936; x_wconf 88' lang='lat' dir='ltr'><em>rne-</em></span> 
     </span>
     <span class='ocr_line' id='line_1_7' title="bbox 152 882 1197 1037; baseline 0.019 -35"><span class='ocrx_word' id='word_1_46' title='bbox 152 940 210 1004; x_wconf 74' lang='lat' dir='ltr'><em>din</em></span> <span class='ocrx_word' id='word_1_47' title='bbox 224 882 353 1010; x_wconf 75' lang='lat' dir='ltr'><em>voerirus</em></span> <span class='ocrx_word' id='word_1_48' title='bbox 376 947 458 1014; x_wconf 86' lang='lat' dir='ltr'><em>inter</em></span> <span class='ocrx_word' id='word_1_49' title='bbox 481 951 560 1018; x_wconf 83' lang='lat' dir='ltr'><em>duas</em></span> <span class='ocrx_word' id='word_1_50' title='bbox 581 955 701 1020; x_wconf 85' lang='lat' dir='ltr'><em>vocales</em></span> <span class='ocrx_word' id='word_1_51' title='bbox 722 955 826 1022; x_wconf 87' lang='lat' dir='ltr'><em>locum</em></span> <span class='ocrx_word' id='word_1_52' title='bbox 847 956 969 1037; x_wconf 89' lang='lat' dir='ltr'><em>habuit,</em></span> <span class='ocrx_word' id='word_1_53' title='bbox 984 957 1122 1022; x_wconf 86' lang='lat' dir='ltr'><em>dubitari</em></span> <span class='ocrx_word' id='word_1_54' title='bbox 1144 982 1197 1022; x_wconf 92' lang='lat' dir='ltr'><em>ne-</em></span> 
     </span>
     <span class='ocr_line' id='line_1_8' title="bbox 152 1025 1195 1144; baseline 0.006 -42"><span class='ocrx_word' id='word_1_55' title='bbox 152 1025 240 1110; x_wconf 86' lang='lat' dir='ltr'><em>quit;</em></span> <span class='ocrx_word' id='word_1_56' title='bbox 265 1029 361 1096; x_wconf 90' lang='lat' dir='ltr'><em>fuisse</em></span> <span class='ocrx_word' id='word_1_57' title='bbox 375 1057 444 1098; x_wconf 87' lang='lat' dir='ltr'><em>eam</em></span> <span class='ocrx_word' id='word_1_58' title='bbox 457 1059 554 1120; x_wconf 85' lang='lat' dir='ltr'><em>genus</em></span> <span class='ocrx_word' id='word_1_59' title='bbox 569 1043 792 1124; x_wconf 62' lang='lat' dir='ltr'><em>adspirationis,</em></span> <span class='ocrx_word' id='word_1_60' title='bbox 807 1043 952 1131; x_wconf 81' lang='lat' dir='ltr'><em>aspiritu</em></span> <span class='ocrx_word' id='word_1_61' title='bbox 967 1065 1076 1130; x_wconf 86' lang='lat' dir='ltr'><em>aspero</em></span> <span class='ocrx_word' id='word_1_62' title='bbox 1094 1044 1195 1144; x_wconf 78' lang='lat' dir='ltr'><em>diver-</em></span> 
     </span>
     <span class='ocr_line' id='line_1_9' title="bbox 151 1115 1196 1210; baseline 0.01 -24"><span class='ocrx_word' id='word_1_63' title='bbox 151 1120 232 1191; x_wconf 68' lang='lat' dir='ltr'><em>sum,</em></span> <span class='ocrx_word' id='word_1_64' title='bbox 249 1115 283 1192; x_wconf 79' lang='lat' dir='ltr'><em>in</em></span> <span class='ocrx_word' id='word_1_65' title='bbox 297 1119 432 1184; x_wconf 84' lang='lat' dir='ltr'><em>carmine</em></span> <span class='ocrx_word' id='word_1_66' title='bbox 445 1136 550 1188; x_wconf 85' lang='lat' dir='ltr'><em>eutem</em></span> <span class='ocrx_word' id='word_1_67' title='bbox 568 1127 661 1191; x_wconf 85' lang='lat' dir='ltr'><em>iocum</em></span> <span class='ocrx_word' id='word_1_68' title='bbox 685 1139 715 1192; x_wconf 92' lang='lat' dir='ltr'><em>et</em></span> <span class='ocrx_word' id='word_1_69' title='bbox 735 1151 822 1197; x_wconf 84' lang='lat' dir='ltr'><em>usum</em></span> <span class='ocrx_word' id='word_1_70' title='bbox 841 1151 986 1208; x_wconf 69' lang='lat' dir='ltr'><em>canonae</em></span> <span class='ocrx_word' id='word_1_71' title='bbox 1000 1129 1145 1210; x_wconf 87' lang='lat' dir='ltr'><em>tenuisse,</em></span> <span class='ocrx_word' id='word_1_72' title='bbox 1160 1130 1196 1196; x_wconf 90' lang='lat' dir='ltr'><em>h-</em></span> 
     </span>
    </p>
   </div>
   <div class='ocr_carea' id='block_1_3' title="bbox 149 1197 1201 1378">
    <p class='ocr_par' dir='ltr' id='par_1_4' title="bbox 149 1197 1201 1378">
     <span class='ocr_line' id='line_1_10' title="bbox 150 1197 1201 1303; baseline 0.022 -42"><span class='ocrx_word' id='word_1_73' title='bbox 150 1197 248 1283; x_wconf 88' lang='lat' dir='ltr'><em>quido</em></span> <span class='ocrx_word' id='word_1_74' title='bbox 269 1217 400 1270; x_wconf 83' lang='lat' dir='ltr'><em>constat.</em></span> <span class='ocrx_word' id='word_1_75' title='bbox 445 1210 599 1278; x_wconf 89' lang='lat' dir='ltr'><em>Aeolibus</em></span> <span class='ocrx_word' id='word_1_76' title='bbox 620 1213 673 1280; x_wconf 84' lang='lat' dir='ltr'><em>illa</em></span> <span class='ocrx_word' id='word_1_77' title='bbox 691 1215 788 1303; x_wconf 86' lang='lat' dir='ltr'><em>vulgo</em></span> <span class='ocrx_word' id='word_1_78' title='bbox 809 1215 969 1295; x_wconf 87' lang='lat' dir='ltr'><em>tribuitur,</em></span> <span class='ocrx_word' id='word_1_79' title='bbox 984 1229 1017 1280; x_wconf 91' lang='lat' dir='ltr'><em>et</em></span> <span class='ocrx_word' id='word_1_80' title='bbox 1036 1217 1201 1301; x_wconf 81' lang='lat' dir='ltr'><em>digamma.</em></span> 
     </span>
     <span class='ocr_line' id='line_1_11' title="bbox 149 1285 506 1378; baseline 0.031 -30"><span class='ocrx_word' id='word_1_81' title='bbox 149 1285 304 1354; x_wconf 82' lang='lat' dir='ltr'><em>Aeolicum</em></span> <span class='ocrx_word' id='word_1_82' title='bbox 320 1291 506 1378; x_wconf 83' lang='lat' dir='ltr'><em>appellatur.</em></span> 
     </span>
    </p>
   </div>
   <div class='ocr_carea' id='block_1_4' title="bbox 145 1373 1216 2078">
    <p class='ocr_par' dir='ltr' id='par_1_5' title="bbox 145 1373 1216 2078">
     <span class='ocr_line' id='line_1_12' title="bbox 193 1373 1193 1472; baseline 0.016 -36"><span class='ocrx_word' id='word_1_83' title='bbox 193 1373 266 1450; x_wconf 84' lang='lat' dir='ltr'><em>Quo</em></span> <span class='ocrx_word' id='word_1_84' title='bbox 282 1397 358 1441; x_wconf 92' lang='lat' dir='ltr'><em>sono</em></span> <span class='ocrx_word' id='word_1_85' title='bbox 373 1392 492 1444; x_wconf 89' lang='lat' dir='ltr'><em>veteres</em></span> <span class='ocrx_word' id='word_1_86' title='bbox 508 1381 621 1446; x_wconf 84' lang='lat' dir='ltr'><em>Graeci</em></span> <span class='ocrx_word' id='word_1_87' title='bbox 635 1383 875 1472; x_wconf 83' lang='lat' dir='ltr'><em>adspirationem</em></span> <span class='ocrx_word' id='word_1_88' title='bbox 888 1387 973 1452; x_wconf 86' lang='lat' dir='ltr'><em>illem</em></span> <span class='ocrx_word' id='word_1_89' title='bbox 991 1388 1193 1468; x_wconf 88' lang='lat' dir='ltr'><em>enuntiarint,</em></span> 
     </span>
     <span class='ocr_line' id='line_1_13' title="bbox 148 1451 1216 1570; baseline 0.021 -52"><span class='ocrx_word' id='word_1_90' title='bbox 148 1477 241 1522; x_wconf 88' lang='lat' dir='ltr'><em>nemo</em></span> <span class='ocrx_word' id='word_1_91' title='bbox 251 1451 321 1546; x_wconf 74' lang='lat' dir='ltr'><em>&#39;pro</em></span> <span class='ocrx_word' id='word_1_92' title='bbox 341 1478 428 1528; x_wconf 86' lang='lat' dir='ltr'><em>eertn</em></span> <span class='ocrx_word' id='word_1_93' title='bbox 449 1465 574 1547; x_wconf 89' lang='lat' dir='ltr'><em>dixerit,</em></span> <span class='ocrx_word' id='word_1_94' title='bbox 589 1471 727 1538; x_wconf 87' lang='lat' dir='ltr'><em>creditur</em></span> <span class='ocrx_word' id='word_1_95' title='bbox 745 1486 850 1537; x_wconf 90' lang='lat' dir='ltr'><em>tamen</em></span> <span class='ocrx_word' id='word_1_96' title='bbox 864 1498 900 1539; x_wconf 88' lang='lat' dir='ltr'><em>ea</em></span> <span class='ocrx_word' id='word_1_97' title='bbox 915 1497 990 1538; x_wconf 93' lang='lat' dir='ltr'><em>sono</em></span> <span class='ocrx_word' id='word_1_98' title='bbox 1004 1473 1108 1540; x_wconf 89' lang='lat' dir='ltr'><em>labiali</em></span> <span class='ocrx_word' id='word_1_99' title='bbox 1122 1499 1194 1562; x_wconf 84' lang='lat' dir='ltr'><em>pro-</em></span> <span class='ocrx_word' id='word_1_100' title='bbox 1213 1563 1216 1570; x_wconf 87' lang='lat'>.</span> 
     </span>
     <span class='ocr_line' id='line_1_14' title="bbox 146 1541 1194 1647; baseline 0.024 -42"><span class='ocrx_word' id='word_1_101' title='bbox 146 1541 216 1628; x_wconf 91' lang='lat' dir='ltr'><em>pior</em></span> <span class='ocrx_word' id='word_1_102' title='bbox 241 1544 348 1627; x_wconf 84' lang='lat' dir='ltr'><em>fuisse,</em></span> <span class='ocrx_word' id='word_1_103' title='bbox 371 1551 447 1636; x_wconf 85' lang='lat' dir='ltr'><em>quia</em></span> <span class='ocrx_word' id='word_1_104' title='bbox 465 1553 499 1616; x_wconf 93' lang='lat' dir='ltr'><em>in</em></span> <span class='ocrx_word' id='word_1_105' title='bbox 522 1555 640 1630; x_wconf 85' lang='lat' dir='ltr'><em>Latino</em></span> <span class='ocrx_word' id='word_1_106' title='bbox 660 1581 800 1632; x_wconf 83' lang='lat' dir='ltr'><em>sermone</em></span> <span class='ocrx_word' id='word_1_107' title='bbox 821 1583 878 1647; x_wconf 87' lang='lat' dir='ltr'><em>per</em></span> <span class='ocrx_word' id='word_1_108' title='bbox 896 1563 924 1624; x_wconf 94' lang='lat' dir='ltr'>V</span> <span class='ocrx_word' id='word_1_109' title='bbox 943 1560 1066 1640; x_wconf 82' lang='lat' dir='ltr'><em>reddita</em></span> <span class='ocrx_word' id='word_1_110' title='bbox 1086 1575 1152 1639; x_wconf 87' lang='lat' dir='ltr'><em>est3</em></span> <span class='ocrx_word' id='word_1_111' title='bbox 1175 1585 1194 1630; x_wconf 76' lang='lat' dir='ltr'><em>a</em></span> 
     </span>
     <span class='ocr_line' id='line_1_15' title="bbox 148 1629 1192 1733; baseline 0.022 -42"><span class='ocrx_word' id='word_1_112' title='bbox 148 1629 300 1711; x_wconf 89' lang='lat' dir='ltr'><em>Doribus,</em></span> <span class='ocrx_word' id='word_1_113' title='bbox 324 1634 466 1722; x_wconf 87' lang='lat' dir='ltr'><em>inprimis</em></span> <span class='ocrx_word' id='word_1_114' title='bbox 494 1663 514 1703; x_wconf 89' lang='lat' dir='ltr'><em>a</em></span> <span class='ocrx_word' id='word_1_115' title='bbox 539 1641 794 1710; x_wconf 76' lang='lat' dir='ltr'><em>Lacedaemoniis</em></span> <span class='ocrx_word' id='word_1_116' title='bbox 816 1669 873 1732; x_wconf 89' lang='lat' dir='ltr'><em>per</em></span> <span class='ocrx_word' id='word_1_117' title='bbox 898 1653 932 1710; x_wconf 90' lang='lat' dir='ltr'><em>B.</em></span> <span class='ocrx_word' id='word_1_118' title='bbox 955 1647 1050 1714; x_wconf 89' lang='lat' dir='ltr'><em>etiam</em></span> <span class='ocrx_word' id='word_1_119' title='bbox 1073 1670 1130 1733; x_wconf 87' lang='lat' dir='ltr'><em>per</em></span> <span class='ocrx_word' id='word_1_120' title='bbox 1154 1653 1192 1714; x_wconf 72' lang='grc' dir='ltr'><em>Ὑ.</em></span> 
     </span>
     <span class='ocr_line' id='line_1_16' title="bbox 149 1715 1191 1819; baseline 0.017 -39"><span class='ocrx_word' id='word_1_121' title='bbox 149 1715 292 1782; x_wconf 88' lang='lat' dir='ltr'><em>Transiit</em></span> <span class='ocrx_word' id='word_1_122' title='bbox 306 1743 434 1819; x_wconf 81' lang='lat' dir='ltr'><em>quaque</em></span> <span class='ocrx_word' id='word_1_123' title='bbox 448 1723 482 1787; x_wconf 91' lang='lat' dir='ltr'><em>in</em></span> <span class='ocrx_word' id='word_1_124' title='bbox 496 1731 529 1789; x_wconf 92' lang='grc' dir='ltr'><em>Γ.</em></span> <span class='ocrx_word' id='word_1_125' title='bbox 543 1727 630 1813; x_wconf 92' lang='lat' dir='ltr'><em>quod</em></span> <span class='ocrx_word' id='word_1_126' title='bbox 666 1753 709 1794; x_wconf 91' lang='lat' dir='ltr'><em>ua</em></span> <span class='ocrx_word' id='word_1_127' title='bbox 722 1731 841 1796; x_wconf 89' lang='lat' dir='ltr'><em>ratione</em></span> <span class='ocrx_word' id='word_1_128' title='bbox 855 1733 974 1796; x_wconf 78' lang='lat' dir='ltr'><em>fastum</em></span> <span class='ocrx_word' id='word_1_129' title='bbox 990 1733 1039 1810; x_wconf 90' lang='lat' dir='ltr'><em>sit,</em></span> <span class='ocrx_word' id='word_1_130' title='bbox 1051 1732 1191 1819; x_wconf 76' lang='lat' dir='ltr'><em>ignorob.</em></span> 
     </span>
     <span class='ocr_line' id='line_1_17' title="bbox 148 1753 1192 1917; baseline 0.017 -51"><span class='ocrx_word' id='word_1_131' title='bbox 148 1803 333 1890; x_wconf 80' lang='lat' dir='ltr'><em>Comparari</em></span> <span class='ocrx_word' id='word_1_132' title='bbox 348 1831 368 1871; x_wconf 88' lang='lat' dir='ltr'><em>a</em></span> <span class='ocrx_word' id='word_1_133' title='bbox 381 1811 603 1878; x_wconf 86' lang='lat' dir='ltr'><em>recentioribus</em></span> <span class='ocrx_word' id='word_1_134' title='bbox 626 1753 702 1880; x_wconf 77' lang='lat' dir='ltr'><em>sriiet</em></span> <span class='ocrx_word' id='word_1_135' title='bbox 723 1817 872 1904; x_wconf 87' lang='lat' dir='ltr'><em>digammi</em></span> <span class='ocrx_word' id='word_1_136' title='bbox 891 1819 1192 1917; x_wconf 61' lang='lat' dir='ltr'><em>pronuntiationum</em></span> 
     </span>
     <span class='ocr_line' id='line_1_18' title="bbox 145 1891 1190 1992; baseline 0.02 -42"><span class='ocrx_word' id='word_1_137' title='bbox 145 1909 223 1952; x_wconf 91' lang='lat' dir='ltr'><em>sono</em></span> <span class='ocrx_word' id='word_1_138' title='bbox 245 1891 470 1960; x_wconf 80' lang='lat' dir='ltr'><em>Britannorum</em></span> <span class='ocrx_word' id='word_1_139' title='bbox 492 1897 525 1960; x_wconf 92' lang='lat' dir='ltr'><em>in</em></span> <span class='ocrx_word' id='word_1_140' title='bbox 546 1921 602 1964; x_wconf 87' lang='lat' dir='ltr'><em>one</em></span> <span class='ocrx_word' id='word_1_141' title='bbox 620 1903 727 1966; x_wconf 89' lang='lat' dir='ltr'><em>autin</em></span> <span class='ocrx_word' id='word_1_142' title='bbox 744 1903 874 1968; x_wconf 89' lang='lat' dir='ltr'><em>vocibus</em></span> <span class='ocrx_word' id='word_1_143' title='bbox 887 1929 949 1982; x_wconf 75' lang='lat' dir='ltr'><em>ew</em></span> <span class='ocrx_word' id='word_1_144' title='bbox 962 1905 1190 1992; x_wconf 78' lang='lat' dir='ltr'><em>incipientlbus</em></span> 
     </span>
     <span class='ocr_line' id='line_1_19' title="bbox 146 1973 1193 2078; baseline 0.011 -39"><span class='ocrx_word' id='word_1_145' title='bbox 146 1973 264 2042; x_wconf 85' lang='lat' dir='ltr'><em>Verum</em></span> <span class='ocrx_word' id='word_1_146' title='bbox 287 1976 320 2042; x_wconf 94' lang='lat' dir='ltr'><em>in</em></span> <span class='ocrx_word' id='word_1_147' title='bbox 343 1979 470 2068; x_wconf 83' lang='lat' dir='ltr'><em>linguis,</em></span> <span class='ocrx_word' id='word_1_148' title='bbox 486 2006 568 2070; x_wconf 87' lang='lat' dir='ltr'><em>quae</em></span> <span class='ocrx_word' id='word_1_149' title='bbox 590 2008 650 2050; x_wconf 93' lang='lat' dir='ltr'><em>usu</em></span> <span class='ocrx_word' id='word_1_150' title='bbox 672 1989 862 2076; x_wconf 87' lang='lat' dir='ltr'><em>populorum</em></span> <span class='ocrx_word' id='word_1_151' title='bbox 882 1991 1074 2078; x_wconf 85' lang='lat' dir='ltr'><em>frequentari</em></span> <span class='ocrx_word' id='word_1_152' title='bbox 1095 1991 1193 2055; x_wconf 75' lang='lat' dir='ltr'><em>desis.</em></span> 
     </span>
    </p>
   </div>
   <div class='ocr_carea' id='block_1_5' title="bbox 134 2167 1192 3280">
    <p class='ocr_par' dir='ltr' id='par_1_6' title="bbox 134 2167 1192 3280">
     <span class='ocr_line' id='line_1_20' title="bbox 174 2167 1192 2245; baseline 0.015 -28"><span class='ocrx_word' id='word_1_153' title='bbox 174 2175 188 2198; x_wconf 78' lang='lat'>⁸</span> <span class='ocrx_word' id='word_1_154' title='bbox 204 2167 230 2218; x_wconf 73' lang='lat' dir='ltr'><em>St</em></span> <span class='ocrx_word' id='word_1_155' title='bbox 241 2168 282 2216; x_wconf 89' lang='lat' dir='ltr'><em>cui</em></span> <span class='ocrx_word' id='word_1_156' title='bbox 292 2170 461 2234; x_wconf 67' lang='lat' dir='ltr'><em>placuerum,</em></span> <span class='ocrx_word' id='word_1_157' title='bbox 473 2189 536 2237; x_wconf 83' lang='lat' dir='ltr'><em>quae</em></span> <span class='ocrx_word' id='word_1_158' title='bbox 546 2179 648 2228; x_wconf 87' lang='lat' dir='ltr'><em>omuino</em></span> <span class='ocrx_word' id='word_1_159' title='bbox 688 2181 734 2232; x_wconf 89' lang='lat' dir='ltr'><em>bus</em></span> <span class='ocrx_word' id='word_1_160' title='bbox 750 2198 825 2234; x_wconf 83' lang='lat' dir='ltr'><em>sonus</em></span> <span class='ocrx_word' id='word_1_161' title='bbox 842 2183 884 2232; x_wconf 89' lang='lat' dir='ltr'><em>ille</em></span> <span class='ocrx_word' id='word_1_162' title='bbox 903 2184 962 2232; x_wconf 83' lang='lat' dir='ltr'><em>satis</em></span> <span class='ocrx_word' id='word_1_163' title='bbox 975 2183 1098 2245; x_wconf 81' lang='lat' dir='ltr'><em>jucundus</em></span> <span class='ocrx_word' id='word_1_164' title='bbox 1115 2182 1192 2232; x_wconf 84' lang='lat' dir='ltr'><em>rideri</em></span> 
     </span>
     <span class='ocr_line' id='line_1_21' title="bbox 142 2229 1191 2309; baseline 0.018 -32"><span class='ocrx_word' id='word_1_165' title='bbox 142 2229 173 2280; x_wconf 85' lang='lat' dir='ltr'><em>de</em></span> <span class='ocrx_word' id='word_1_166' title='bbox 186 2232 311 2294; x_wconf 87' lang='lat' dir='ltr'><em>digammo</em></span> <span class='ocrx_word' id='word_1_167' title='bbox 324 2237 389 2284; x_wconf 81' lang='lat' dir='ltr'><em>varie</em></span> <span class='ocrx_word' id='word_1_168' title='bbox 405 2246 431 2287; x_wconf 90' lang='lat' dir='ltr'><em>et</em></span> <span class='ocrx_word' id='word_1_169' title='bbox 446 2255 489 2301; x_wconf 88' lang='lat' dir='ltr'><em>per</em></span> <span class='ocrx_word' id='word_1_170' title='bbox 505 2243 648 2302; x_wconf 88' lang='lat' dir='ltr'><em>opinionum</em></span> <span class='ocrx_word' id='word_1_171' title='bbox 688 2249 780 2309; x_wconf 82' lang='lat' dir='ltr'><em>possit3</em></span> <span class='ocrx_word' id='word_1_172' title='bbox 799 2249 857 2296; x_wconf 90' lang='lat' dir='ltr'><em>mihi</em></span> <span class='ocrx_word' id='word_1_173' title='bbox 872 2257 937 2298; x_wconf 86' lang='lat' dir='ltr'><em>certe</em></span> <span class='ocrx_word' id='word_1_174' title='bbox 947 2265 1022 2298; x_wconf 86' lang='lat' dir='ltr'><em>sonus</em></span> <span class='ocrx_word' id='word_1_175' title='bbox 1034 2269 1072 2294; x_wconf 72' lang='lat' dir='ltr'><em>rou</em></span> <span class='ocrx_word' id='word_1_176' title='bbox 1083 2255 1141 2308; x_wconf 66' lang='lat' dir='ltr'><em>fuer</em></span> <span class='ocrx_word' id='word_1_177' title='bbox 1153 2247 1191 2296; x_wconf 81' lang='lat' dir='ltr'><em>vel</em></span> 
     </span>
     <span class='ocr_line' id='line_1_22' title="bbox 142 2296 1191 2372; baseline 0.02 -31"><span class='ocrx_word' id='word_1_178' title='bbox 142 2296 260 2359; x_wconf 84' lang='lat' dir='ltr'><em>ambages</em></span> <span class='ocrx_word' id='word_1_179' title='bbox 276 2300 400 2361; x_wconf 86' lang='lat' dir='ltr'><em>disputata</em></span> <span class='ocrx_word' id='word_1_180' title='bbox 413 2311 480 2362; x_wconf 89' lang='lat' dir='ltr'><em>sunt,</em></span> <span class='ocrx_word' id='word_1_181' title='bbox 492 2321 647 2370; x_wconf 77' lang='lat' dir='ltr'><em>cognoscere,</em></span> <span class='ocrx_word' id='word_1_182' title='bbox 678 2309 766 2372; x_wconf 47' lang='grc' dir='ltr'><em>ἅρπη,</em></span> <span class='ocrx_word' id='word_1_183' title='bbox 774 2313 847 2361; x_wconf 88' lang='lat' dir='ltr'><em>toties</em></span> <span class='ocrx_word' id='word_1_184' title='bbox 855 2311 881 2360; x_wconf 88' lang='lat' dir='ltr'><em>in</em></span> <span class='ocrx_word' id='word_1_185' title='bbox 892 2314 1028 2362; x_wconf 84' lang='lat' dir='ltr'><em>Homericis</em></span> <span class='ocrx_word' id='word_1_186' title='bbox 1036 2313 1130 2372; x_wconf 82' lang='lat' dir='ltr'><em>obrius,</em></span> <span class='ocrx_word' id='word_1_187' title='bbox 1141 2327 1191 2362; x_wconf 91' lang='lat' dir='ltr'><em>nou</em></span> 
     </span>
     <span class='ocr_line' id='line_1_23' title="bbox 140 2363 1190 2439; baseline 0.017 -33"><span class='ocrx_word' id='word_1_188' title='bbox 140 2363 255 2410; x_wconf 87' lang='lat' dir='ltr'><em>oonsulat</em></span> <span class='ocrx_word' id='word_1_189' title='bbox 272 2364 387 2424; x_wconf 84' lang='lat' dir='ltr'><em>inprimis</em></span> <span class='ocrx_word' id='word_1_190' title='bbox 398 2368 492 2418; x_wconf 80' lang='lat' dir='ltr'><em>Duwer</em></span> <span class='ocrx_word' id='word_1_191' title='bbox 509 2371 646 2421; x_wconf 86' lang='lat' dir='ltr'><em>Miscellan.</em></span> <span class='ocrx_word' id='word_1_192' title='bbox 687 2377 758 2424; x_wconf 79' lang='lat' dir='ltr'><em>valde</em></span> <span class='ocrx_word' id='word_1_193' title='bbox 782 2378 905 2439; x_wconf 83' lang='lat' dir='ltr'><em>jucundus</em></span> <span class='ocrx_word' id='word_1_194' title='bbox 932 2393 985 2426; x_wconf 83' lang='lat' dir='ltr'><em>esse</em></span> <span class='ocrx_word' id='word_1_195' title='bbox 1007 2377 1109 2426; x_wconf 77' lang='lat' dir='ltr'><em>vidonis.</em></span> <span class='ocrx_word' id='word_1_196' title='bbox 1143 2378 1190 2425; x_wconf 90' lang='lat' dir='ltr'><em>Di·</em></span> 
     </span>
     <span class='ocr_line' id='line_1_24' title="bbox 140 2425 1189 2504; baseline 0.016 -33"><span class='ocrx_word' id='word_1_197' title='bbox 140 2425 197 2472; x_wconf 87' lang='lat' dir='ltr'><em>crit.</em></span> <span class='ocrx_word' id='word_1_198' title='bbox 207 2427 252 2485; x_wconf 92' lang='lat' dir='ltr'><em>lV,</em></span> <span class='ocrx_word' id='word_1_199' title='bbox 264 2443 289 2488; x_wconf 93' lang='lat' dir='ltr'><em>p.</em></span> <span class='ocrx_word' id='word_1_200' title='bbox 300 2429 345 2476; x_wconf 87' lang='lat'><em>113</em></span> <span class='ocrx_word' id='word_1_201' title='bbox 358 2445 393 2492; x_wconf 89' lang='lat' dir='ltr'><em>sq.</em></span> <span class='ocrx_word' id='word_1_202' title='bbox 404 2434 459 2480; x_wconf 83' lang='grc'><strong>122.</strong></span> <span class='ocrx_word' id='word_1_203' title='bbox 470 2449 525 2482; x_wconf 87' lang='lat' dir='ltr'><em>eum</em></span> <span class='ocrx_word' id='word_1_204' title='bbox 533 2436 648 2496; x_wconf 77' lang='lat' dir='ltr'><em>Burgesr</em></span> <span class='ocrx_word' id='word_1_205' title='bbox 687 2457 785 2502; x_wconf 85' lang='lat' dir='ltr'><em>gamma</em></span> <span class='ocrx_word' id='word_1_206' title='bbox 802 2458 846 2504; x_wconf 87' lang='lat' dir='ltr'><em>per</em></span> <span class='ocrx_word' id='word_1_207' title='bbox 861 2449 882 2488; x_wconf 77' lang='grc' dir='ltr'><strong>τ</strong></span> <span class='ocrx_word' id='word_1_208' title='bbox 897 2443 1020 2498; x_wconf 78' lang='lat' dir='ltr'><em>redditum</em></span> <span class='ocrx_word' id='word_1_209' title='bbox 1036 2443 1147 2490; x_wconf 84' lang='lat' dir='ltr'><em>videmus</em></span> <span class='ocrx_word' id='word_1_210' title='bbox 1163 2443 1189 2488; x_wconf 89' lang='lat' dir='ltr'><em>in</em></span> 
     </span>
     <span class='ocr_line' id='line_1_25' title="bbox 138 2490 1189 2570; baseline 0.017 -34"><span class='ocrx_word' id='word_1_211' title='bbox 138 2503 163 2550; x_wconf 81' lang='lat' dir='ltr'><em>p.</em></span> <span class='ocrx_word' id='word_1_212' title='bbox 170 2490 229 2538; x_wconf 82' lang='grc'>396.</span> <span class='ocrx_word' id='word_1_213' title='bbox 242 2493 350 2542; x_wconf 72' lang='lat' dir='ltr'><em>Reinuld</em></span> <span class='ocrx_word' id='word_1_214' title='bbox 359 2497 495 2546; x_wconf 59' lang='lat' dir='ltr'><em>Historiam</em></span> <span class='ocrx_word' id='word_1_215' title='bbox 503 2501 545 2546; x_wconf 81' lang='lat' dir='ltr'><em>Gr·</em></span> <span class='ocrx_word' id='word_1_216' title='bbox 557 2507 582 2549; x_wconf 78' lang='lat' dir='ltr'><em>ei</em></span> <span class='ocrx_word' id='word_1_217' title='bbox 592 2503 646 2550; x_wconf 72' lang='lat' dir='ltr'><em>Lut-</em></span> <span class='ocrx_word' id='word_1_218' title='bbox 686 2506 803 2554; x_wconf 76' lang='lat' dir='ltr'><em>Pindaro:</em></span> <span class='ocrx_word' id='word_1_219' title='bbox 817 2526 905 2552; x_wconf 73' lang='lat' dir='ltr'><em>avaras</em></span> <span class='ocrx_word' id='word_1_220' title='bbox 914 2522 957 2570; x_wconf 83' lang='lat' dir='ltr'><em>pro</em></span> <span class='ocrx_word' id='word_1_221' title='bbox 966 2515 1053 2566; x_wconf 75' lang='lat' dir='ltr'><em>oefoeroer</em></span> <span class='ocrx_word' id='word_1_222' title='bbox 1060 2507 1130 2570; x_wconf 75' lang='lat' dir='ltr'><em>Pyih.</em></span> <span class='ocrx_word' id='word_1_223' title='bbox 1141 2507 1189 2563; x_wconf 85' lang='lat' dir='ltr'><em>iii,</em></span> 
     </span>
     <span class='ocr_line' id='line_1_26' title="bbox 137 2553 1189 2632; baseline 0.015 -31"><span class='ocrx_word' id='word_1_224' title='bbox 137 2553 203 2602; x_wconf 84' lang='lat' dir='ltr'><em>Lttr.</em></span> <span class='ocrx_word' id='word_1_225' title='bbox 215 2557 289 2616; x_wconf 75' lang='lat' dir='ltr'><em>pso,</em></span> <span class='ocrx_word' id='word_1_226' title='bbox 301 2559 375 2607; x_wconf 87' lang='lat' dir='ltr'><em>Rieb.</em></span> <span class='ocrx_word' id='word_1_227' title='bbox 388 2561 479 2622; x_wconf 79' lang='lat' dir='ltr'><em>Payne</em></span> <span class='ocrx_word' id='word_1_228' title='bbox 494 2565 596 2626; x_wconf 81' lang='lat' dir='ltr'><em>Knigbt</em></span> <span class='ocrx_word' id='word_1_229' title='bbox 611 2569 645 2614; x_wconf 84' lang='grc' dir='ltr'><em>Α·</em></span> <span class='ocrx_word' id='word_1_230' title='bbox 686 2571 726 2617; x_wconf 83' lang='grc'><em>42.</em></span> <span class='ocrx_word' id='word_1_231' title='bbox 745 2571 781 2626; x_wconf 89' lang='lat'><em>11,</em></span> <span class='ocrx_word' id='word_1_232' title='bbox 794 2573 833 2618; x_wconf 83' lang='grc'><em>52.</em></span> <span class='ocrx_word' id='word_1_233' title='bbox 851 2571 892 2620; x_wconf 91' lang='lat' dir='ltr'><em>ubi</em></span> <span class='ocrx_word' id='word_1_234' title='bbox 907 2587 930 2619; x_wconf 86' lang='lat' dir='ltr'><em>v.</em></span> <span class='ocrx_word' id='word_1_235' title='bbox 944 2571 1023 2620; x_wconf 83' lang='lat' dir='ltr'><em>Solrol.</em></span> <span class='ocrx_word' id='word_1_236' title='bbox 1041 2573 1076 2620; x_wconf 90' lang='lat' dir='ltr'><em>sic</em></span> <span class='ocrx_word' id='word_1_237' title='bbox 1093 2591 1189 2632; x_wconf 71' lang='grc' dir='ltr'><em>ιυιιχος</em></span> 
     </span>
     <span class='ocr_line' id='line_1_27' title="bbox 137 2619 1190 2696; baseline 0.017 -32"><span class='ocrx_word' id='word_1_238' title='bbox 137 2619 260 2682; x_wconf 78' lang='lat' dir='ltr'><em>aalytical</em></span> <span class='ocrx_word' id='word_1_239' title='bbox 276 2623 355 2686; x_wconf 85' lang='lat' dir='ltr'><em>Essay</em></span> <span class='ocrx_word' id='word_1_240' title='bbox 366 2639 398 2671; x_wconf 92' lang='lat' dir='ltr'><em>on</em></span> <span class='ocrx_word' id='word_1_241' title='bbox 413 2627 453 2674; x_wconf 84' lang='lat' dir='ltr'><em>tlre</em></span> <span class='ocrx_word' id='word_1_242' title='bbox 464 2628 544 2676; x_wconf 88' lang='lat' dir='ltr'><em>Greek</em></span> <span class='ocrx_word' id='word_1_243' title='bbox 555 2630 646 2692; x_wconf 85' lang='lat' dir='ltr'><em>Alpha-</em></span> <span class='ocrx_word' id='word_1_244' title='bbox 686 2649 731 2696; x_wconf 85' lang='lat' dir='ltr'><em>pro</em></span> <span class='ocrx_word' id='word_1_245' title='bbox 742 2641 843 2696; x_wconf 61' lang='grc' dir='ltr'><em>αῖιιχις.</em></span> <span class='ocrx_word' id='word_1_246' title='bbox 856 2648 879 2683; x_wconf 79' lang='lat' dir='ltr'><em>r.</em></span> <span class='ocrx_word' id='word_1_247' title='bbox 890 2637 920 2684; x_wconf 85' lang='lat' dir='ltr'><em>ad</em></span> <span class='ocrx_word' id='word_1_248' title='bbox 932 2637 962 2685; x_wconf 92' lang='lat' dir='ltr'><em>ll.</em></span> <span class='ocrx_word' id='word_1_249' title='bbox 974 2643 1000 2683; x_wconf 81' lang='lat' dir='ltr'><em>N.</em></span> <span class='ocrx_word' id='word_1_250' title='bbox 1009 2638 1050 2684; x_wconf 80' lang='lat'><em>41.</em></span> <span class='ocrx_word' id='word_1_251' title='bbox 1067 2638 1095 2684; x_wconf 89' lang='lat' dir='ltr'><em>ln</em></span> <span class='ocrx_word' id='word_1_252' title='bbox 1109 2638 1190 2684; x_wconf 83' lang='lat' dir='ltr'><em>numis</em></span> 
     </span>
     <span class='ocr_line' id='line_1_28' title="bbox 137 2683 1191 2763; baseline 0.025 -33"><span class='ocrx_word' id='word_1_253' title='bbox 137 2683 189 2731; x_wconf 88' lang='lat' dir='ltr'><em>bet.</em></span> <span class='ocrx_word' id='word_1_254' title='bbox 223 2686 408 2737; x_wconf 76' lang='lat' dir='ltr'><em>Ptaecesserant</em></span> <span class='ocrx_word' id='word_1_255' title='bbox 424 2693 505 2750; x_wconf 91' lang='lat' dir='ltr'><em>multi,</em></span> <span class='ocrx_word' id='word_1_256' title='bbox 515 2696 557 2756; x_wconf 92' lang='lat' dir='ltr'><em>qui</em></span> <span class='ocrx_word' id='word_1_257' title='bbox 574 2704 646 2757; x_wconf 87' lang='lat' dir='ltr'><em>caput</em></span> <span class='ocrx_word' id='word_1_258' title='bbox 686 2701 771 2748; x_wconf 87' lang='lat' dir='ltr'><em>Veliae</em></span> <span class='ocrx_word' id='word_1_259' title='bbox 784 2703 809 2748; x_wconf 88' lang='lat' dir='ltr'><em>in</em></span> <span class='ocrx_word' id='word_1_260' title='bbox 822 2701 1097 2763; x_wconf 66' lang='lat' dir='ltr'><em>Lucaniaqnae‘mta</em></span> <span class='ocrx_word' id='word_1_261' title='bbox 1113 2702 1191 2750; x_wconf 63' lang='lat' dir='ltr'><em>fieriu·</em></span> 
     </span>
     <span class='ocr_line' id='line_1_29' title="bbox 136 2747 1191 2823; baseline 0.018 -28"><span class='ocrx_word' id='word_1_262' title='bbox 136 2747 186 2796; x_wconf 87' lang='lat' dir='ltr'><em>hoc</em></span> <span class='ocrx_word' id='word_1_263' title='bbox 206 2748 358 2800; x_wconf 81' lang='lat' dir='ltr'><em>litteramrae</em></span> <span class='ocrx_word' id='word_1_264' title='bbox 376 2753 482 2804; x_wconf 83' lang='lat' dir='ltr'><em>Graecae</em></span> <span class='ocrx_word' id='word_1_265' title='bbox 501 2759 644 2822; x_wconf 84' lang='lat' dir='ltr'><em>attigerant,</em></span> <span class='ocrx_word' id='word_1_266' title='bbox 686 2765 742 2823; x_wconf 86' lang='lat' dir='ltr'><em>fuit,</em></span> <span class='ocrx_word' id='word_1_267' title='bbox 753 2768 861 2814; x_wconf 83' lang='lat' dir='ltr'><em>occurrit</em></span> <span class='ocrx_word' id='word_1_268' title='bbox 877 2780 966 2814; x_wconf 89' lang='lat' dir='ltr'><em>nomen</em></span> <span class='ocrx_word' id='word_1_269' title='bbox 983 2767 1057 2814; x_wconf 84' lang='lat' dir='ltr'><em>etiam</em></span> <span class='ocrx_word' id='word_1_270' title='bbox 1073 2767 1098 2814; x_wconf 87' lang='lat' dir='ltr'><em>iu</em></span> <span class='ocrx_word' id='word_1_271' title='bbox 1110 2767 1191 2816; x_wconf 83' lang='lat' dir='ltr'><em>Hero·</em></span> 
     </span>
     <span class='ocr_line' id='line_1_30' title="bbox 137 2813 1189 2891; baseline 0.016 -29"><span class='ocrx_word' id='word_1_272' title='bbox 137 2813 258 2872; x_wconf 87' lang='lat' dir='ltr'><em>Bouhier,</em></span> <span class='ocrx_word' id='word_1_273' title='bbox 275 2816 410 2877; x_wconf 68' lang='lat' dir='ltr'><em>sChishull,</em></span> <span class='ocrx_word' id='word_1_274' title='bbox 439 2821 541 2884; x_wconf 86' lang='lat' dir='ltr'><em>Taylor,</em></span> <span class='ocrx_word' id='word_1_275' title='bbox 569 2825 646 2874; x_wconf 85' lang='lat' dir='ltr'><em>Wise.</em></span> <span class='ocrx_word' id='word_1_276' title='bbox 685 2831 744 2877; x_wconf 89' lang='lat' dir='ltr'><em>doto</em></span> <span class='ocrx_word' id='word_1_277' title='bbox 755 2839 916 2878; x_wconf 86' lang='lat' dir='ltr'><em>memoratum</em></span> <span class='ocrx_word' id='word_1_278' title='bbox 926 2839 987 2881; x_wconf 69' lang='lat' dir='ltr'><em>trun</em></span> <span class='ocrx_word' id='word_1_279' title='bbox 997 2845 1041 2891; x_wconf 89' lang='lat' dir='ltr'><em>pro</em></span> <span class='ocrx_word' id='word_1_280' title='bbox 1052 2837 1114 2889; x_wconf 71' lang='lat' dir='ltr'><em>fras.</em></span> <span class='ocrx_word' id='word_1_281' title='bbox 1133 2831 1189 2879; x_wconf 84' lang='lat' dir='ltr'><em>Fuit</em></span> 
     </span>
     <span class='ocr_line' id='line_1_31' title="bbox 136 2877 1190 2958; baseline 0.015 -32"><span class='ocrx_word' id='word_1_282' title='bbox 136 2877 208 2926; x_wconf 86' lang='lat' dir='ltr'><em>Nam</em></span> <span class='ocrx_word' id='word_1_283' title='bbox 229 2885 363 2929; x_wconf 84' lang='lat' dir='ltr'><em>occurrunt</em></span> <span class='ocrx_word' id='word_1_284' title='bbox 380 2883 451 2948; x_wconf 78' lang='lat' dir='ltr'><em>hujus</em></span> <span class='ocrx_word' id='word_1_285' title='bbox 469 2888 564 2947; x_wconf 87' lang='lat' dir='ltr'><em>generis</em></span> <span class='ocrx_word' id='word_1_286' title='bbox 583 2905 645 2936; x_wconf 89' lang='lat' dir='ltr'><em>non·</em></span> <span class='ocrx_word' id='word_1_287' title='bbox 685 2893 729 2942; x_wconf 83' lang='lat' dir='ltr'><em>ills</em></span> <span class='ocrx_word' id='word_1_288' title='bbox 756 2895 853 2943; x_wconf 86' lang='lat' dir='ltr'><em>colonia</em></span> <span class='ocrx_word' id='word_1_289' title='bbox 880 2895 983 2942; x_wconf 84' lang='lat' dir='ltr'><em>deducta</em></span> <span class='ocrx_word' id='word_1_290' title='bbox 1010 2901 1066 2942; x_wconf 79' lang='lat' dir='ltr'><em>ante</em></span> <span class='ocrx_word' id='word_1_291' title='bbox 1089 2895 1190 2958; x_wconf 69' lang='lat' dir='ltr'><em>Olymp.</em></span> 
     </span>
     <span class='ocr_line' id='line_1_32' title="bbox 137 2943 1188 3008; baseline 0.017 -20"><span class='ocrx_word' id='word_1_292' title='bbox 137 2943 210 2990; x_wconf 81' lang='lat' dir='ltr'><em>nulla</em></span> <span class='ocrx_word' id='word_1_293' title='bbox 226 2943 252 2990; x_wconf 89' lang='lat' dir='ltr'><em>in</em></span> <span class='ocrx_word' id='word_1_294' title='bbox 267 2945 576 3000; x_wconf 86' lang='lat' dir='ltr'><em>MarmoribusetNumis.</em></span> <span class='ocrx_word' id='word_1_295' title='bbox 610 2955 643 3002; x_wconf 89' lang='lat' dir='ltr'><em>E·</em></span> <span class='ocrx_word' id='word_1_296' title='bbox 685 2956 762 3006; x_wconf 80' lang='lat' dir='ltr'>XLV.</span> <span class='ocrx_word' id='word_1_297' title='bbox 787 2975 804 3008; x_wconf 82' lang='lat' dir='ltr'><em>a</em></span> <span class='ocrx_word' id='word_1_298' title='bbox 824 2959 1017 3007; x_wconf 80' lang='lat' dir='ltr'><em>Phocaeensibus</em></span> <span class='ocrx_word' id='word_1_299' title='bbox 1042 2975 1072 3006; x_wconf 86' lang='lat' dir='ltr'><em>ex</em></span> <span class='ocrx_word' id='word_1_300' title='bbox 1099 2960 1188 3007; x_wconf 90' lang='lat' dir='ltr'><em>Ionum</em></span> 
     </span>
     <span class='ocr_line' id='line_1_33' title="bbox 136 3007 1187 3086; baseline 0.015 -32"><span class='ocrx_word' id='word_1_301' title='bbox 136 3007 241 3068; x_wconf 88' lang='lat' dir='ltr'><em>quidem</em></span> <span class='ocrx_word' id='word_1_302' title='bbox 257 3009 303 3056; x_wconf 89' lang='lat' dir='ltr'><em>hoe</em></span> <span class='ocrx_word' id='word_1_303' title='bbox 319 3010 382 3071; x_wconf 86' lang='lat' dir='ltr'><em>ipso,</em></span> <span class='ocrx_word' id='word_1_304' title='bbox 394 3015 459 3073; x_wconf 87' lang='lat' dir='ltr'><em>quod</em></span> <span class='ocrx_word' id='word_1_305' title='bbox 470 3016 501 3062; x_wconf 83' lang='lat' dir='ltr'><em>ud</em></span> <span class='ocrx_word' id='word_1_306' title='bbox 512 3017 645 3068; x_wconf 85' lang='lat' dir='ltr'><em>Homerica</em></span> <span class='ocrx_word' id='word_1_307' title='bbox 684 3037 780 3084; x_wconf 81' lang='lat' dir='ltr'><em>genere.</em></span> <span class='ocrx_word' id='word_1_308' title='bbox 796 3023 904 3086; x_wconf 78' lang='lat' dir='ltr'><em>Apparet</em></span> <span class='ocrx_word' id='word_1_309' title='bbox 914 3025 950 3070; x_wconf 84' lang='lat' dir='ltr'><em>vel</em></span> <span class='ocrx_word' id='word_1_310' title='bbox 963 3039 993 3072; x_wconf 83' lang='lat' dir='ltr'><em>ex</em></span> <span class='ocrx_word' id='word_1_311' title='bbox 1004 3024 1050 3072; x_wconf 89' lang='lat' dir='ltr'><em>hoc</em></span> <span class='ocrx_word' id='word_1_312' title='bbox 1060 3025 1187 3085; x_wconf 82' lang='lat' dir='ltr'><em>exemplo:</em></span> 
     </span>
     <span class='ocr_line' id='line_1_34' title="bbox 134 3072 1189 3151; baseline 0.018 -31"><span class='ocrx_word' id='word_1_313' title='bbox 134 3072 295 3134; x_wconf 86' lang='lat' dir='ltr'><em>potissimum</em></span> <span class='ocrx_word' id='word_1_314' title='bbox 303 3089 401 3124; x_wconf 89' lang='lat' dir='ltr'><em>omnem</em></span> <span class='ocrx_word' id='word_1_315' title='bbox 410 3077 598 3140; x_wconf 80' lang='lat' dir='ltr'><em>disputationem</em></span> <span class='ocrx_word' id='word_1_316' title='bbox 607 3097 645 3132; x_wconf 87' lang='lat' dir='ltr'><em>re-</em></span> <span class='ocrx_word' id='word_1_317' title='bbox 685 3087 774 3148; x_wconf 81' lang='lat' dir='ltr'><em>primo,</em></span> <span class='ocrx_word' id='word_1_318' title='bbox 787 3087 911 3151; x_wconf 81' lang='lat' dir='ltr'><em>digamma</em></span> <span class='ocrx_word' id='word_1_319' title='bbox 922 3087 1024 3136; x_wconf 90' lang='lat' dir='ltr'><em>lonibus</em></span> <span class='ocrx_word' id='word_1_320' title='bbox 1034 3103 1129 3151; x_wconf 89' lang='lat' dir='ltr'><em>quoque</em></span> <span class='ocrx_word' id='word_1_321' title='bbox 1141 3091 1189 3138; x_wconf 86' lang='lat' dir='ltr'><em>fre·-</em></span> 
     </span>
     <span class='ocr_line' id='line_1_35' title="bbox 136 3137 1188 3215; baseline 0.019 -32"><span class='ocrx_word' id='word_1_322' title='bbox 136 3137 237 3195; x_wconf 82' lang='lat' dir='ltr'><em>vocari,</em></span> <span class='ocrx_word' id='word_1_323' title='bbox 250 3145 275 3186; x_wconf 91' lang='lat' dir='ltr'><em>et</em></span> <span class='ocrx_word' id='word_1_324' title='bbox 285 3139 316 3186; x_wconf 83' lang='lat' dir='ltr'><em>ab</em></span> <span class='ocrx_word' id='word_1_325' title='bbox 327 3139 471 3202; x_wconf 88' lang='lat' dir='ltr'><em>opinionum</em></span> <span class='ocrx_word' id='word_1_326' title='bbox 483 3152 508 3192; x_wconf 91' lang='lat' dir='ltr'><em>et</em></span> <span class='ocrx_word' id='word_1_327' title='bbox 521 3147 645 3194; x_wconf 85' lang='lat' dir='ltr'><em>ariolatio-</em></span> <span class='ocrx_word' id='word_1_328' title='bbox 684 3157 827 3212; x_wconf 77' lang='lat' dir='ltr'><em>quantutum</em></span> <span class='ocrx_word' id='word_1_329' title='bbox 850 3167 919 3214; x_wconf 77' lang='lat' dir='ltr'><em>esse3</em></span> <span class='ocrx_word' id='word_1_330' title='bbox 943 3155 1127 3215; x_wconf 76' lang='lat' dir='ltr'><em>pronuntiatum</em></span> <span class='ocrx_word' id='word_1_331' title='bbox 1151 3155 1188 3202; x_wconf 87' lang='lat' dir='ltr'><em>fu-</em></span> 
     </span>
     <span class='ocr_line' id='line_1_36' title="bbox 135 3207 1188 3280; baseline 0.02 -32"><span class='ocrx_word' id='word_1_332' title='bbox 135 3217 201 3249; x_wconf 90' lang='lat' dir='ltr'><em>num</em></span> <span class='ocrx_word' id='word_1_333' title='bbox 218 3207 365 3252; x_wconf 80' lang='lat' dir='ltr'><em>commentis</em></span> <span class='ocrx_word' id='word_1_334' title='bbox 382 3209 507 3270; x_wconf 84' lang='lat' dir='ltr'><em>segregari</em></span> <span class='ocrx_word' id='word_1_335' title='bbox 527 3225 565 3267; x_wconf 87' lang='lat' dir='ltr'><em>ea,</em></span> <span class='ocrx_word' id='word_1_336' title='bbox 582 3227 644 3273; x_wconf 82' lang='lat' dir='ltr'><em>qnae</em></span> <span class='ocrx_word' id='word_1_337' title='bbox 684 3216 732 3264; x_wconf 83' lang='lat' dir='ltr'><em>isse</em></span> <span class='ocrx_word' id='word_1_338' title='bbox 746 3231 789 3278; x_wconf 89' lang='lat' dir='ltr'><em>per</em></span> <span class='ocrx_word' id='word_1_339' title='bbox 801 3224 822 3263; x_wconf 74' lang='grc' dir='ltr'>τ</span> <span class='ocrx_word' id='word_1_340' title='bbox 833 3219 905 3266; x_wconf 82' lang='lat' dir='ltr'><em>etita</em></span> <span class='ocrx_word' id='word_1_341' title='bbox 918 3219 995 3266; x_wconf 88' lang='lat' dir='ltr'><em>serius</em></span> <span class='ocrx_word' id='word_1_342' title='bbox 1006 3233 1110 3280; x_wconf 89' lang='lat' dir='ltr'><em>quoque,</em></span> <span class='ocrx_word' id='word_1_343' title='bbox 1123 3220 1188 3268; x_wconf 55' lang='lat' dir='ltr'><em>mul*</em></span> 
     </span>
    </p>
   </div>
   <div class='ocr_carea' id='block_1_6' title="bbox 55 3266 1188 3342">
    <p class='ocr_par' dir='ltr' id='par_1_7' title="bbox 55 3266 1188 3342">
     <span class='ocr_line' id='line_1_37' title="bbox 55 3266 1188 3342; baseline 0.02 -32"><span class='ocrx_word' id='word_1_344' title='bbox 55 3291 57 3294; x_wconf 95' lang='lat'>-</span> <span class='ocrx_word' id='word_1_345' title='bbox 134 3266 194 3328; x_wconf 84' lang='lat' dir='ltr'><em>ipsa</em></span> <span class='ocrx_word' id='word_1_346' title='bbox 210 3281 238 3314; x_wconf 87' lang='lat' dir='ltr'><em>re</em></span> <span class='ocrx_word' id='word_1_347' title='bbox 254 3274 279 3315; x_wconf 90' lang='lat' dir='ltr'><em>et</em></span> <span class='ocrx_word' id='word_1_348' title='bbox 296 3283 340 3316; x_wconf 87' lang='lat' dir='ltr'><em>nso</em></span> <span class='ocrx_word' id='word_1_349' title='bbox 357 3285 383 3318; x_wconf 85' lang='lat' dir='ltr'><em>se</em></span> <span class='ocrx_word' id='word_1_350' title='bbox 399 3273 538 3331; x_wconf 80' lang='lat' dir='ltr'><em>probarent,</em></span> <span class='ocrx_word' id='word_1_351' title='bbox 551 3276 645 3324; x_wconf 84' lang='lat' dir='ltr'><em>adoer-</em></span> <span class='ocrx_word' id='word_1_352' title='bbox 686 3281 718 3329; x_wconf 87' lang='lat' dir='ltr'><em>tis</em></span> <span class='ocrx_word' id='word_1_353' title='bbox 738 3289 795 3342; x_wconf 87' lang='lat' dir='ltr'><em>post</em></span> <span class='ocrx_word' id='word_1_354' title='bbox 816 3283 953 3332; x_wconf 88' lang='lat' dir='ltr'><em>Homerum</em></span> <span class='ocrx_word' id='word_1_355' title='bbox 975 3283 1105 3342; x_wconf 78' lang='lat' dir='ltr'><em>aetatibus,</em></span> <span class='ocrx_word' id='word_1_356' title='bbox 1128 3285 1188 3340; x_wconf 84' lang='lat' dir='ltr'><em>scri--</em></span> 
     </span>
    </p>
   </div>
   <div class='ocr_carea' id='block_1_7' title="bbox 92 3331 1189 4303">
    <p class='ocr_par' dir='ltr' id='par_1_8' title="bbox 92 3331 1189 3476">
     <span class='ocr_line' id='line_1_38' title="bbox 134 3331 1189 3408; baseline 0.02 -31"><span class='ocrx_word' id='word_1_357' title='bbox 134 3331 202 3379; x_wconf 86' lang='lat' dir='ltr'><em>tiara</em></span> <span class='ocrx_word' id='word_1_358' title='bbox 214 3331 334 3383; x_wconf 84' lang='lat' dir='ltr'><em>nonnulla</em></span> <span class='ocrx_word' id='word_1_359' title='bbox 344 3341 369 3382; x_wconf 88' lang='lat' dir='ltr'><em>et</em></span> <span class='ocrx_word' id='word_1_360' title='bbox 379 3337 473 3384; x_wconf 83' lang='lat' dir='ltr'><em>veriora</em></span> <span class='ocrx_word' id='word_1_361' title='bbox 486 3339 580 3388; x_wconf 86' lang='lat' dir='ltr'><em>delatus</em></span> <span class='ocrx_word' id='word_1_362' title='bbox 591 3356 644 3391; x_wconf 84' lang='lat' dir='ltr'><em>esse</em></span> <span class='ocrx_word' id='word_1_363' title='bbox 685 3352 764 3408; x_wconf 88' lang='lat' dir='ltr'><em>ptum,</em></span> <span class='ocrx_word' id='word_1_364' title='bbox 781 3362 835 3396; x_wconf 89' lang='lat' dir='ltr'><em>cnm</em></span> <span class='ocrx_word' id='word_1_365' title='bbox 851 3349 939 3397; x_wconf 86' lang='lat' dir='ltr'><em>Aeoles</em></span> <span class='ocrx_word' id='word_1_366' title='bbox 955 3349 1065 3397; x_wconf 83' lang='lat' dir='ltr'><em>ferantur</em></span> <span class='ocrx_word' id='word_1_367' title='bbox 1081 3349 1119 3399; x_wconf 87' lang='lat' dir='ltr'><em>usi</em></span> <span class='ocrx_word' id='word_1_368' title='bbox 1135 3363 1189 3398; x_wconf 88' lang='lat' dir='ltr'><em>esso</em></span> 
     </span>
     <span class='ocr_line' id='line_1_39' title="bbox 92 3395 1187 3476; baseline 0.016 -31"><span class='ocrx_word' id='word_1_369' title='bbox 92 3419 95 3424; x_wconf 94' lang='lat'>·</span> <span class='ocrx_word' id='word_1_370' title='bbox 134 3395 199 3444; x_wconf 85' lang='lat' dir='ltr'><em>mihi</em></span> <span class='ocrx_word' id='word_1_371' title='bbox 211 3396 304 3445; x_wconf 71' lang='lat' dir='ltr'><em>videor·</em></span> <span class='ocrx_word' id='word_1_372' title='bbox 684 3411 756 3472; x_wconf 87' lang='lat' dir='ltr'><em>signo</em></span> <span class='ocrx_word' id='word_1_373' title='bbox 772 3411 799 3459; x_wconf 84' lang='lat' dir='ltr'><em>F.</em></span> <span class='ocrx_word' id='word_1_374' title='bbox 815 3414 880 3474; x_wconf 93' lang='lat' dir='ltr'><em>quod</em></span> <span class='ocrx_word' id='word_1_375' title='bbox 897 3413 1003 3476; x_wconf 82' lang='lat' dir='ltr'><em>signum,</em></span> <span class='ocrx_word' id='word_1_376' title='bbox 1021 3429 1048 3461; x_wconf 86' lang='lat' dir='ltr'><em>re</em></span> <span class='ocrx_word' id='word_1_377' title='bbox 1065 3415 1187 3476; x_wconf 85' lang='lat' dir='ltr'><em>ignorata,</em></span> 
     </span>
    </p>

    <p class='ocr_par' dir='ltr' id='par_1_9' title="bbox 94 3458 1188 4303">
     <span class='ocr_line' id='line_1_40' title="bbox 167 3458 1187 3540; baseline 0.021 -34"><span class='ocrx_word' id='word_1_378' title='bbox 167 3458 180 3491; x_wconf 79' lang='lat'><em>¹³</em></span> <span class='ocrx_word' id='word_1_379' title='bbox 199 3461 239 3508; x_wconf 92' lang='lat' dir='ltr'><em>De</em></span> <span class='ocrx_word' id='word_1_380' title='bbox 260 3461 298 3508; x_wconf 85' lang='lat' dir='ltr'><em>his</em></span> <span class='ocrx_word' id='word_1_381' title='bbox 317 3463 433 3514; x_wconf 85' lang='lat' dir='ltr'><em>omnibus</em></span> <span class='ocrx_word' id='word_1_382' title='bbox 454 3467 517 3516; x_wconf 88' lang='lat' dir='ltr'><em>haud</em></span> <span class='ocrx_word' id='word_1_383' title='bbox 539 3470 640 3518; x_wconf 86' lang='lat' dir='ltr'><em>laboro:</em></span> <span class='ocrx_word' id='word_1_384' title='bbox 684 3478 876 3537; x_wconf 79' lang='lat' dir='ltr'><em>agrammatieis</em></span> <span class='ocrx_word' id='word_1_385' title='bbox 893 3492 937 3540; x_wconf 84' lang='lat' dir='ltr'><em>pro</em></span> <span class='ocrx_word' id='word_1_386' title='bbox 949 3487 966 3522; x_wconf 88' lang='grc' dir='ltr'>Γ</span> <span class='ocrx_word' id='word_1_387' title='bbox 978 3478 1101 3540; x_wconf 83' lang='lat' dir='ltr'><em>duplicato</em></span> <span class='ocrx_word' id='word_1_388' title='bbox 1117 3479 1187 3530; x_wconf 88' lang='lat' dir='ltr'><em>habi-</em></span> 
     </span>
     <span class='ocr_line' id='line_1_41' title="bbox 133 3524 1187 3604; baseline 0.019 -32"><span class='ocrx_word' id='word_1_389' title='bbox 133 3524 200 3573; x_wconf 87' lang='lat' dir='ltr'><em>nihil</em></span> <span class='ocrx_word' id='word_1_390' title='bbox 216 3525 282 3574; x_wconf 87' lang='lat' dir='ltr'><em>enim</em></span> <span class='ocrx_word' id='word_1_391' title='bbox 298 3542 364 3576; x_wconf 87' lang='lat' dir='ltr'><em>nune</em></span> <span class='ocrx_word' id='word_1_392' title='bbox 380 3531 482 3579; x_wconf 90' lang='lat' dir='ltr'><em>omnino</em></span> <span class='ocrx_word' id='word_1_393' title='bbox 494 3534 524 3582; x_wconf 91' lang='lat' dir='ltr'><em>de</em></span> <span class='ocrx_word' id='word_1_394' title='bbox 534 3549 642 3595; x_wconf 52' lang='lat' dir='ltr'><em>prouun‘</em></span> <span class='ocrx_word' id='word_1_395' title='bbox 684 3547 735 3588; x_wconf 86' lang='lat' dir='ltr'><em>turn</em></span> <span class='ocrx_word' id='word_1_396' title='bbox 748 3541 871 3602; x_wconf 87' lang='lat' dir='ltr'><em>digamma</em></span> <span class='ocrx_word' id='word_1_397' title='bbox 882 3543 1040 3604; x_wconf 81' lang='lat' dir='ltr'><em>appellatum,</em></span> <span class='ocrx_word' id='word_1_398' title='bbox 1051 3545 1132 3592; x_wconf 85' lang='lat' dir='ltr'><em>locurn</em></span> <span class='ocrx_word' id='word_1_399' title='bbox 1145 3545 1187 3592; x_wconf 88' lang='lat' dir='ltr'><em>de-</em></span> 
     </span>
     <span class='ocr_line' id='line_1_42' title="bbox 133 3589 1188 3670; baseline 0.016 -32"><span class='ocrx_word' id='word_1_400' title='bbox 133 3589 242 3638; x_wconf 81' lang='lat' dir='ltr'><em>tietioue</em></span> <span class='ocrx_word' id='word_1_401' title='bbox 252 3592 366 3640; x_wconf 87' lang='lat' dir='ltr'><em>constitui</em></span> <span class='ocrx_word' id='word_1_402' title='bbox 375 3601 464 3655; x_wconf 89' lang='lat' dir='ltr'><em>potest,</em></span> <span class='ocrx_word' id='word_1_403' title='bbox 473 3605 642 3661; x_wconf 78' lang='lat' dir='ltr'><em>praeterquam</em></span> <span class='ocrx_word' id='word_1_404' title='bbox 683 3605 748 3652; x_wconf 85' lang='lat' dir='ltr'><em>disse</em></span> <span class='ocrx_word' id='word_1_405' title='bbox 758 3607 854 3654; x_wconf 85' lang='lat' dir='ltr'><em>ridetur</em></span> <span class='ocrx_word' id='word_1_406' title='bbox 865 3608 995 3654; x_wconf 86' lang='lat' dir='ltr'><em>mutationi</em></span> <span class='ocrx_word' id='word_1_407' title='bbox 1010 3607 1128 3670; x_wconf 86' lang='lat' dir='ltr'><em>digammi</em></span> <span class='ocrx_word' id='word_1_408' title='bbox 1144 3620 1188 3670; x_wconf 88' lang='lat' dir='ltr'><em>per</em></span> 
     </span>
     <span class='ocr_line' id='line_1_43' title="bbox 133 3654 1187 3733; baseline 0.019 -31"><span class='ocrx_word' id='word_1_409' title='bbox 133 3667 166 3702; x_wconf 81' lang='lat' dir='ltr'><em>ex</em></span> <span class='ocrx_word' id='word_1_410' title='bbox 179 3654 236 3702; x_wconf 83' lang='lat' dir='ltr'><em>soni</em></span> <span class='ocrx_word' id='word_1_411' title='bbox 246 3659 425 3717; x_wconf 87' lang='lat' dir='ltr'><em>permutatione</em></span> <span class='ocrx_word' id='word_1_412' title='bbox 436 3677 491 3708; x_wconf 85' lang='lat' dir='ltr'><em>eum</em></span> <span class='ocrx_word' id='word_1_413' title='bbox 508 3663 563 3712; x_wconf 74' lang='lat' dir='ltr'><em>aliis</em></span> <span class='ocrx_word' id='word_1_414' title='bbox 574 3665 643 3712; x_wconf 88' lang='lat' dir='ltr'><em>simi·</em></span> <span class='ocrx_word' id='word_1_415' title='bbox 683 3683 782 3731; x_wconf 86' lang='lat' dir='ltr'><em>gamma</em></span> <span class='ocrx_word' id='word_1_416' title='bbox 792 3672 885 3719; x_wconf 82' lang='lat' dir='ltr'><em>exarati</em></span> <span class='ocrx_word' id='word_1_417' title='bbox 897 3671 922 3718; x_wconf 91' lang='lat' dir='ltr'><em>in</em></span> <span class='ocrx_word' id='word_1_418' title='bbox 935 3673 1060 3732; x_wconf 84' lang='lat' dir='ltr'><em>glossariis</em></span> <span class='ocrx_word' id='word_1_419' title='bbox 1070 3674 1095 3720; x_wconf 91' lang='lat' dir='ltr'><em>in</em></span> <span class='ocrx_word' id='word_1_420' title='bbox 1107 3676 1187 3733; x_wconf 82' lang='lat' dir='ltr'><em>capite</em></span> 
     </span>
     <span class='ocr_line' id='line_1_44' title="bbox 94 3719 1188 3799; baseline 0.021 -34"><span class='ocrx_word' id='word_1_421' title='bbox 94 3737 98 3744; x_wconf 89' lang='lat'><em>·</em></span> <span class='ocrx_word' id='word_1_422' title='bbox 133 3719 218 3780; x_wconf 86' lang='lat' dir='ltr'><em>libus;</em></span> <span class='ocrx_word' id='word_1_423' title='bbox 237 3735 295 3768; x_wconf 89' lang='lat' dir='ltr'><em>nam</em></span> <span class='ocrx_word' id='word_1_424' title='bbox 310 3721 365 3783; x_wconf 86' lang='lat' dir='ltr'><em>ipsa</em></span> <span class='ocrx_word' id='word_1_425' title='bbox 381 3725 452 3787; x_wconf 80' lang='lat' dir='ltr'><em>signs</em></span> <span class='ocrx_word' id='word_1_426' title='bbox 467 3727 585 3788; x_wconf 83' lang='lat' dir='ltr'><em>digammi</em></span> <span class='ocrx_word' id='word_1_427' title='bbox 604 3730 643 3776; x_wconf 89' lang='lat' dir='ltr'><em>in·</em></span> <span class='ocrx_word' id='word_1_428' title='bbox 683 3748 770 3782; x_wconf 84' lang='lat' dir='ltr'><em>vocum</em></span> <span class='ocrx_word' id='word_1_429' title='bbox 783 3750 806 3786; x_wconf 78' lang='lat' dir='ltr'><em>r.</em></span> <span class='ocrx_word' id='word_1_430' title='bbox 817 3751 839 3782; x_wconf 86' lang='lat' dir='ltr'><em>c.</em></span> <span class='ocrx_word' id='word_1_431' title='bbox 851 3739 910 3795; x_wconf 72' lang='lat' dir='ltr'><em>pilu</em></span> <span class='ocrx_word' id='word_1_432' title='bbox 925 3751 968 3796; x_wconf 84' lang='lat' dir='ltr'><em>pro</em></span> <span class='ocrx_word' id='word_1_433' title='bbox 979 3739 1040 3796; x_wconf 66' lang='lat' dir='ltr'><em>fdus.</em></span> <span class='ocrx_word' id='word_1_434' title='bbox 1057 3737 1129 3797; x_wconf 72' lang='lat' dir='ltr'><em>pirre</em></span> <span class='ocrx_word' id='word_1_435' title='bbox 1141 3751 1188 3799; x_wconf 78' lang='lat' dir='ltr'><em>pro</em></span> 
     </span>
     <span class='ocr_line' id='line_1_45' title="bbox 135 3786 1186 3864; baseline 0.019 -33"><span class='ocrx_word' id='word_1_436' title='bbox 135 3790 207 3832; x_wconf 80' lang='lat' dir='ltr'><em>certa</em></span> <span class='ocrx_word' id='word_1_437' title='bbox 218 3799 247 3832; x_wconf 86' lang='lat' dir='ltr'><em>ao</em></span> <span class='ocrx_word' id='word_1_438' title='bbox 258 3786 325 3834; x_wconf 82' lang='lat' dir='ltr'><em>varia</em></span> <span class='ocrx_word' id='word_1_439' title='bbox 341 3795 398 3836; x_wconf 88' lang='lat' dir='ltr'><em>sunt</em></span> <span class='ocrx_word' id='word_1_440' title='bbox 411 3805 439 3838; x_wconf 86' lang='lat' dir='ltr'><em>ae</em></span> <span class='ocrx_word' id='word_1_441' title='bbox 457 3791 572 3853; x_wconf 82' lang='lat' dir='ltr'><em>fuerunt3</em></span> <span class='ocrx_word' id='word_1_442' title='bbox 589 3800 642 3842; x_wconf 81' lang='lat' dir='ltr'><em>mm</em></span> <span class='ocrx_word' id='word_1_443' title='bbox 682 3805 758 3858; x_wconf 66' lang='lat' dir='ltr'><em>fruta,</em></span> <span class='ocrx_word' id='word_1_444' title='bbox 770 3800 800 3852; x_wconf 84' lang='lat' dir='ltr'><em>ab</em></span> <span class='ocrx_word' id='word_1_445' title='bbox 814 3799 873 3859; x_wconf 68' lang='lat' dir='ltr'><em>lter,</em></span> <span class='ocrx_word' id='word_1_446' title='bbox 890 3801 967 3864; x_wconf 83' lang='lat' dir='ltr'><em>polus.</em></span> <span class='ocrx_word' id='word_1_447' title='bbox 982 3819 1046 3860; x_wconf 74' lang='lat' dir='ltr'><em>prm</em></span> <span class='ocrx_word' id='word_1_448' title='bbox 1063 3817 1106 3864; x_wconf 91' lang='lat' dir='ltr'><em>pro</em></span> <span class='ocrx_word' id='word_1_449' title='bbox 1120 3805 1186 3862; x_wconf 67' lang='lat' dir='ltr'><em>fison,</em></span> 
     </span>
     <span class='ocr_line' id='line_1_46' title="bbox 133 3853 1185 3927; baseline 0.017 -31"><span class='ocrx_word' id='word_1_450' title='bbox 133 3858 196 3896; x_wconf 80' lang='lat' dir='ltr'><em>vero</em></span> <span class='ocrx_word' id='word_1_451' title='bbox 205 3863 251 3896; x_wconf 88' lang='lat' dir='ltr'><em>neo</em></span> <span class='ocrx_word' id='word_1_452' title='bbox 260 3853 449 3915; x_wconf 86' lang='lat' dir='ltr'><em>unaeademque</em></span> <span class='ocrx_word' id='word_1_453' title='bbox 460 3857 576 3917; x_wconf 86' lang='lat' dir='ltr'><em>digammi</em></span> <span class='ocrx_word' id='word_1_454' title='bbox 587 3873 643 3920; x_wconf 89' lang='lat' dir='ltr'><em>pro·</em></span> <span class='ocrx_word' id='word_1_455' title='bbox 683 3861 736 3910; x_wconf 89' lang='lat' dir='ltr'><em>Neo</em></span> <span class='ocrx_word' id='word_1_456' title='bbox 747 3864 808 3915; x_wconf 85' lang='lat' dir='ltr'><em>satis</em></span> <span class='ocrx_word' id='word_1_457' title='bbox 819 3865 869 3913; x_wconf 88' lang='lat' dir='ltr'><em>scio</em></span> <span class='ocrx_word' id='word_1_458' title='bbox 886 3881 918 3913; x_wconf 84' lang='lat' dir='ltr'><em>an</em></span> <span class='ocrx_word' id='word_1_459' title='bbox 931 3865 957 3913; x_wconf 92' lang='lat' dir='ltr'><em>in</em></span> <span class='ocrx_word' id='word_1_460' title='bbox 974 3865 1071 3914; x_wconf 87' lang='lat' dir='ltr'><em>sibilum</em></span> <span class='ocrx_word' id='word_1_461' title='bbox 1089 3881 1185 3927; x_wconf 87' lang='lat' dir='ltr'><em>proces-</em></span> 
     </span>
     <span class='ocr_line' id='line_1_47' title="bbox 133 3913 1185 3992; baseline 0.018 -32"><span class='ocrx_word' id='word_1_462' title='bbox 133 3913 261 3962; x_wconf 85' lang='lat' dir='ltr'><em>nuntiatio</em></span> <span class='ocrx_word' id='word_1_463' title='bbox 272 3914 337 3964; x_wconf 83' lang='lat' dir='ltr'><em>iuter</em></span> <span class='ocrx_word' id='word_1_464' title='bbox 348 3931 435 3966; x_wconf 86' lang='lat' dir='ltr'><em>omnes</em></span> <span class='ocrx_word' id='word_1_465' title='bbox 446 3921 552 3970; x_wconf 79' lang='lat' dir='ltr'><em>Graecos</em></span> <span class='ocrx_word' id='word_1_466' title='bbox 565 3937 642 3984; x_wconf 83' lang='lat' dir='ltr'><em>popu·</em></span> <span class='ocrx_word' id='word_1_467' title='bbox 683 3928 742 3975; x_wconf 83' lang='lat' dir='ltr'><em>serit</em></span> <span class='ocrx_word' id='word_1_468' title='bbox 760 3929 890 3990; x_wconf 81' lang='lat' dir='ltr'><em>aliquando</em></span> <span class='ocrx_word' id='word_1_469' title='bbox 907 3931 1046 3992; x_wconf 74' lang='lat' dir='ltr'><em>digamma3</em></span> <span class='ocrx_word' id='word_1_470' title='bbox 1063 3938 1090 3978; x_wconf 91' lang='lat' dir='ltr'><em>ut</em></span> <span class='ocrx_word' id='word_1_471' title='bbox 1106 3945 1131 3977; x_wconf 82' lang='lat' dir='ltr'><em>re</em></span> <span class='ocrx_word' id='word_1_472' title='bbox 1147 3931 1185 3978; x_wconf 80' lang='lat' dir='ltr'><em>sa·</em></span> 
     </span>
     <span class='ocr_line' id='line_1_48' title="bbox 134 3977 1186 4056; baseline 0.018 -32"><span class='ocrx_word' id='word_1_473' title='bbox 134 3977 175 4025; x_wconf 87' lang='lat' dir='ltr'><em>los</em></span> <span class='ocrx_word' id='word_1_474' title='bbox 186 3985 213 4024; x_wconf 84' lang='lat' dir='ltr'><em>ot</em></span> <span class='ocrx_word' id='word_1_475' title='bbox 222 3985 315 4028; x_wconf 75' lang='lat' dir='ltr'><em>unctus</em></span> <span class='ocrx_word' id='word_1_476' title='bbox 324 3989 367 4030; x_wconf 87' lang='lat' dir='ltr'><em>aut</em></span> <span class='ocrx_word' id='word_1_477' title='bbox 377 3983 424 4032; x_wconf 80' lang='lat' dir='ltr'><em>suit</em></span> <span class='ocrx_word' id='word_1_478' title='bbox 435 3992 477 4032; x_wconf 84' lang='lat' dir='ltr'><em>sut</em></span> <span class='ocrx_word' id='word_1_479' title='bbox 486 4000 538 4034; x_wconf 86' lang='lat' dir='ltr'><em>ease</em></span> <span class='ocrx_word' id='word_1_480' title='bbox 550 3988 641 4049; x_wconf 62' lang='lat' dir='ltr'><em>potuitg</em></span> <span class='ocrx_word' id='word_1_481' title='bbox 682 3999 748 4040; x_wconf 91' lang='lat' dir='ltr'><em>otum</em></span> <span class='ocrx_word' id='word_1_482' title='bbox 762 3993 796 4042; x_wconf 90' lang='lat' dir='ltr'><em>sit</em></span> <span class='ocrx_word' id='word_1_483' title='bbox 805 4009 836 4042; x_wconf 87' lang='lat' dir='ltr'><em>ex</em></span> <span class='ocrx_word' id='word_1_484' title='bbox 847 3994 866 4050; x_wconf 83' lang='lat' dir='ltr'><em>i,</em></span> <span class='ocrx_word' id='word_1_485' title='bbox 878 4001 910 4054; x_wconf 69' lang='lat' dir='ltr'><em>fr.</em></span> <span class='ocrx_word' id='word_1_486' title='bbox 944 3995 1008 4042; x_wconf 84' lang='lat' dir='ltr'><em>Nam</em></span> <span class='ocrx_word' id='word_1_487' title='bbox 1023 3995 1097 4042; x_wconf 83' lang='lat' dir='ltr'><em>etiam</em></span> <span class='ocrx_word' id='word_1_488' title='bbox 1115 4009 1186 4056; x_wconf 81' lang='lat' dir='ltr'><em>asper</em></span> 
     </span>
     <span class='ocr_line' id='line_1_49' title="bbox 134 4043 1184 4118; baseline 0.017 -30"><span class='ocrx_word' id='word_1_489' title='bbox 134 4043 322 4105; x_wconf 88' lang='lat' dir='ltr'><em>potuitquoque</em></span> <span class='ocrx_word' id='word_1_490' title='bbox 333 4061 386 4097; x_wconf 86' lang='lat' dir='ltr'><em>eam</em></span> <span class='ocrx_word' id='word_1_491' title='bbox 400 4058 494 4098; x_wconf 78' lang='lat' dir='ltr'><em>mutare</em></span> <span class='ocrx_word' id='word_1_492' title='bbox 505 4057 641 4114; x_wconf 83' lang='lat' dir='ltr'><em>temporum</em></span> <span class='ocrx_word' id='word_1_493' title='bbox 682 4057 783 4118; x_wconf 88' lang='lat' dir='ltr'><em>spiritns</em></span> <span class='ocrx_word' id='word_1_494' title='bbox 800 4059 825 4106; x_wconf 87' lang='lat' dir='ltr'><em>in</em></span> <span class='ocrx_word' id='word_1_495' title='bbox 847 4059 945 4108; x_wconf 85' lang='lat' dir='ltr'><em>sibilum</em></span> <span class='ocrx_word' id='word_1_496' title='bbox 966 4065 1073 4107; x_wconf 86' lang='lat' dir='ltr'><em>mutatus</em></span> <span class='ocrx_word' id='word_1_497' title='bbox 1091 4067 1138 4116; x_wconf 86' lang='lat' dir='ltr'><em>est,</em></span> <span class='ocrx_word' id='word_1_498' title='bbox 1157 4059 1184 4116; x_wconf 78' lang='lat' dir='ltr'><em>iu</em></span> 
     </span>
     <span class='ocr_line' id='line_1_50' title="bbox 134 4111 1184 4195; baseline 0.021 -44"><span class='ocrx_word' id='word_1_499' title='bbox 134 4119 279 4168; x_wconf 86' lang='lat' dir='ltr'><em>progressus</em></span> <span class='ocrx_word' id='word_1_500' title='bbox 289 4117 316 4157; x_wconf 89' lang='lat' dir='ltr'><em>et</em></span> <span class='ocrx_word' id='word_1_501' title='bbox 325 4111 452 4160; x_wconf 88' lang='lat' dir='ltr'><em>hominum</em></span> <span class='ocrx_word' id='word_1_502' title='bbox 464 4129 535 4162; x_wconf 88' lang='lat' dir='ltr'><em>usus:</em></span> <span class='ocrx_word' id='word_1_503' title='bbox 547 4115 603 4177; x_wconf 78' lang='lat' dir='ltr'><em>&#39;quis</em></span> <span class='ocrx_word' id='word_1_504' title='bbox 612 4118 641 4164; x_wconf 90' lang='lat' dir='ltr'><em>de</em></span> <span class='ocrx_word' id='word_1_505' title='bbox 681 4136 726 4168; x_wconf 76' lang='lat' dir='ltr'><em>ser</em></span> <span class='ocrx_word' id='word_1_506' title='bbox 740 4137 772 4170; x_wconf 82' lang='lat' dir='ltr'><em>ex</em></span> <span class='ocrx_word' id='word_1_507' title='bbox 788 4122 819 4182; x_wconf 60' lang='lat' dir='ltr'><em>lt,</em></span> <span class='ocrx_word' id='word_1_508' title='bbox 832 4131 923 4188; x_wconf 70' lang='lat' dir='ltr'><em>septen</em></span> <span class='ocrx_word' id='word_1_509' title='bbox 938 4138 967 4171; x_wconf 86' lang='lat' dir='ltr'><em>ex</em></span> <span class='ocrx_word' id='word_1_510' title='bbox 983 4121 1051 4171; x_wconf 62' lang='lat' dir='ltr'><em>iord.</em></span> <span class='ocrx_word' id='word_1_511' title='bbox 1066 4138 1140 4195; x_wconf 69' lang='lat' dir='ltr'><em>nuper</em></span> <span class='ocrx_word' id='word_1_512' title='bbox 1154 4139 1184 4182; x_wconf 67' lang='lat' dir='ltr'><em>ex</em></span> 
     </span>
     <span class='ocr_line' id='line_1_51' title="bbox 133 4169 1176 4250; baseline 0.025 -33"><span class='ocrx_word' id='word_1_513' title='bbox 133 4169 174 4218; x_wconf 89' lang='lat' dir='ltr'><em>his</em></span> <span class='ocrx_word' id='word_1_514' title='bbox 194 4171 283 4234; x_wconf 86' lang='lat' dir='ltr'><em>aliquid</em></span> <span class='ocrx_word' id='word_1_515' title='bbox 297 4181 351 4229; x_wconf 81' lang='lat' dir='ltr'><em>urta</em></span> <span class='ocrx_word' id='word_1_516' title='bbox 361 4177 435 4224; x_wconf 86' lang='lat' dir='ltr'><em>statui</em></span> <span class='ocrx_word' id='word_1_517' title='bbox 448 4193 518 4238; x_wconf 86' lang='lat' dir='ltr'><em>posse</em></span> <span class='ocrx_word' id='word_1_518' title='bbox 530 4179 576 4228; x_wconf 84' lang='lat' dir='ltr'><em>sibi</em></span> <span class='ocrx_word' id='word_1_519' title='bbox 586 4195 641 4243; x_wconf 56' lang='lat' dir='ltr'><em>per*</em></span> <span class='ocrx_word' id='word_1_520' title='bbox 683 4185 745 4250; x_wconf 61' lang='lat' dir='ltr'><em>trip.</em></span> <span class='ocrx_word' id='word_1_521' title='bbox 1174 4199 1176 4204; x_wconf 83' lang='lat'>&#39;</span> 
     </span>
     <span class='ocr_line' id='line_1_52' title="bbox 134 4238 641 4303; baseline 0.026 -19"><span class='ocrx_word' id='word_1_522' title='bbox 134 4238 257 4298; x_wconf 77' lang='lat' dir='ltr'><em>suaserit?</em></span> <span class='ocrx_word' id='word_1_523' title='bbox 286 4240 419 4303; x_wconf 83' lang='lat' dir='ltr'><em>Neanovi,</em></span> <span class='ocrx_word' id='word_1_524' title='bbox 432 4245 641 4302; x_wconf 83' lang='lat' dir='ltr'><em>anuostrisauri·</em></span> 
     </span>
    </p>
   </div>
   <div class='ocr_carea' id='block_1_8' title="bbox 0 0 1508 5056">
    <p class='ocr_par' dir='ltr' id='par_1_10' title="bbox 0 0 1508 5056">
     <span class='ocr_line' id='line_1_53' title="bbox 0 0 1508 5056; baseline 0 6"><span class='ocrx_word' id='word_1_525' title='bbox 0 0 1508 5056; x_wconf 95' lang='lat' dir='ltr'><em> </em></span> 
     </span>
    </p>
   </div>
  </div>
 </body>
</html>
