3008 5056
355 373 422 440 ‘160
688 373 691 380 “
717 367 970 435 EXCURSUS
994 365 1042 432 11.

358 566 452 623 scere,
463 543 510 608 uti
524 541 628 608 statim
643 537 684 606 11.
696 543 732 604 Α.
749 544 771 605 4
785 541 884 615 αὐτοὺς
894 537 1050 625 Relapsa,
1064 536 1090 601 si
1106 541 1225 620 sumpta
1239 545 1337 604 esseut
1349 556 1387 598 vs.

359 635 403 694 24
421 629 612 722 Ἀγαμέμνονι
636 631 739 706 ἥνδανε,
763 627 788 690 si
810 630 931 703 Ὲηνδανε,
950 648 998 688 vs.
1021 627 1064 688 30
1085 623 1206 708 ἡμετέρῳ
1226 619 1390 706 111111ῳρ1

272 791 276 797 Δ
360 722 444 802 farago
467 716 661 780 scriberetur.
707 715 748 778 In
769 712 837 776 aliis
858 733 982 776 sensum
997 708 1085 774 verbi
1098 706 1225 786 mutari,
1240 704 1391 788 11111111γω

358 801 452 880 duco,
468 815 501 866 et
515 807 610 887 faya,
626 800 749 886 frango,
765 798 820 862 ἕλω
834 798 933 884 rapio,
948 809 980 862 et
996 801 1069 862 feta
1082 793 1217 862 involvo.
1242 793 1337 874 ἕπομαι
1351 814 1391 856 se-

356 911 441 974 quor
456 901 488 952 et
503 893 577 951 fara
591 887 670 949 dico.

406 973 502 1037 Hisce
516 984 612 1057 atque
626 971 694 1036 aliis
707 970 859 1036 similibus
871 967 1104 1047 animadversis,
1118 989 1203 1046 cum,
1218 963 1337 1054 quoties
1356 962 1392 1028 ad

352 1059 495 1124 'Homeri
508 1057 794 1144 interpretationem
807 1055 951 1134 redirem,
964 1067 1121 1120 enotarem
1134 1053 1203 1118 loca
1216 1066 1248 1118 et
1261 1048 1392 1136 exempla

355 1143 453 1233 ‘plura
467 1158 499 1208 et
511 1144 592 1207 inter
611 1167 642 1207 se
656 1166 879 1230 compararem,
895 1142 983 1229 coepi
1005 1149 1164 1228 quaerere,
1180 1163 1222 1204 an
1243 1138 1284 1202 ad
1304 1149 1392 1202 certas

361 1230 485 1318 regulas
498 1231 560 1306 hoc
571 1229 765 1328 digammum
779 1229 917 1294 revocari
934 1241 1047 1314 posset,
1093 1228 1146 1291 Ita
1159 1249 1235 1289 vero
1248 1223 1392 1297 mdebffl,

361 1331 506 1381 sexcenta
527 1315 595 1379 loca
613 1329 694 1380 mter
714 1339 746 1380 se
764 1317 844 1380 bene
864 1313 1046 1387 convenire;
1070 1325 1186 1376 restare
1200 1326 1305 1376 tamen
1317 1305 1394 1372 haud

361 1425 462 1490 pauca
475 1401 546 1480 alia,
585 1425 643 1466 uae
665 1401 724 1465 sub
745 1415 861 1466 certam
882 1399 1131 1487 praeceptionem
1145 1396 1285 1464 revocari
1298 1393 1395 1480 nequi·

359 1502 440 1552 rent.
485 1486 542 1551 Ad
557 1425 631 1551 dias
646 1510 736 1551 curas
750 1501 898 1552 avocatus
912 1508 1109 1573 seposueram
1123 1484 1211 1562 haec,
1227 1481 1326 1547 multo
1339 1502 1395 1544 ma-

356 1575 409 1662 gis
431 1596 505 1638 eum
526 1573 761 1660 perspexissem,
777 1573 838 1638 alia
855 1572 956 1638 multo
974 1570 1118 1658 graviora
1134 1593 1200 1634 esse
1218 1591 1300 1656 quae
1312 1567 1395 1630 inter-

385 1660 496 1725 retatio
510 1659 681 1724 Homerica
694 1658 877 1746 postularet,
892 1659 924 1724 in
948 1657 1033 1724 rimis
1047 1681 1065 1722 e
1078 1656 1228 1723 cathedra
1246 1653 1396 1720 instituen-

360 1686 414 1827 da,
435 1771 453 1811 e
472 1769 537 1833 qua
555 1745 681 1809 omnino
704 1769 741 1809 ea
763 1681 952 1810 eliminandis
972 1767 1037 1808 esse
1058 1765 1180 1830 semper
1199 1741 1305 1819 statui,
1324 1761 1396 1826 quae

363 1832 490 1896 subtilia
510 1831 609 1918 magis
624 1855 719 1919 quam
740 1832 829 1896 utilia
847 1829 1048 1896 audientibus
1070 1843 1182 1906 essent,
1197 1841 1232 1893 et
1250 1828 1292 1893 ad
1309 1823 1395 1922 magi-

363 1918 419 1981 stri
433 1917 639 1983 eruditionem
654 1918 886 1996 venditandam,
902 1939 967 1982 non
980 1927 1084 1979 autem
1107 1915 1148 1980 ad
1167 1915 1344 1980 auditorum
1357 1932 1396 1974 111-

362 2003 456 2153 penia
469 2003 617 2088 lingenda
634 2017 666 2066 et
683 2004 863 2068 facultatem
883 2001 1108 2089 interpretandi
1129 2001 1333 2068 exercendam
1352 2020 1397 2060 va

376 2102 471 2154 erent.
518 2090 644 2152 Interea
669 2089 767 2154 altera
791 2090 927 2155 Dawesii
953 2087 1049 2152 editio
1073 2111 1092 2152 a
1119 2089 1248 2152 Thoma
1272 2089 1396 2170 Burgess

362 2188 473 2240 curata
489 2177 602 2258 (1781)
623 2174 799 2262 prodierat;
823 2176 856 2239 in
877 2177 969 2264 cujus
987 2173 1159 2261 appendice
1180 2173 1293 2244 Salteri
1313 2167 1396 2256 speci-

306 2267 308 2273 ’
362 2283 436 2326 men
450 2261 541 2325 valde
556 2283 606 2324 me
620 2284 710 2348 pupu
734 2261 769 2340 't,
784 2285 856 2326 cum
876 2260 1027 2326 nonnulla
1043 2260 1154 2326 melius
1167 2283 1187 2344 a
1201 2283 1253 2324 me
1271 2251 1396 2344 expediri

363 2369 454 2435 posse
477 2345 626 2425 viderem,
650 2346 682 2409 in
704 2285 772 2413 aliis
793 2371 843 2412 me
865 2348 966 2413 multo
989 2347 1088 2433 magis
1105 2344 1293 2433 implicitum
1311 2339 1396 2406 senti·

362 2457 439 2500 rem.

408 2524 485 2586 Post
499 2521 619 2609 aliquot
633 2546 730 2588 annos
743 2524 872 2589 fortuna
882 2521 988 2609 aliqua
1000 2520 1136 2609 propitia
1150 2541 1225 2584 eum
1237 2517 1312 2584 Viro
1325 2519 1395 2581 Rev.

361 2620 396 2671 et
417 2607 594 2672 doctissimo
610 2608 693 2672 Tho.
711 2612 849 2696 Burgess
869 2610 1049 2674 litterarum
1064 2605 1251 2671 commercio
1268 2605 1395 2692 junctus,

362 2715 447 2772 cnm,
474 2696 625 2779 quorsum
649 2694 755 2782 copiae
781 2695 981 2760 Bentleianae
1005 2693 1230 2782 pervenissent,
1253 2687 1396 2775 equibus

361 2779 519 2866 specimen
539 2779 738 2846 Bentleianae
758 2781 944 2846 recensionis
955 2766 998 2844 in
1019 2779 1211 2866 praefatione
1229 2777 1272 2842 ad
1286 2778 1394 2840 Dawes.

363 2865 557 2953 vulgaverat,
572 2859 809 2952 inquisivissem,
828 2880 860 2931 et
881 2890 989 2932 earum
1007 2864 1271 2952 inspiciendarum
1291 2858 1396 2926 deside·

363 2952 445 3016 rium
471 2975 577 3016 meum
603 2953 805 3040 aperuissem,
827 2953 886 3017 viri
910 2951 1124 3017 humanissimi
1149 2972 1256 3037 opera,
1281 2951 1396 3012 Summe

364 3041 443 3102 Rev.
461 3038 610 3125 Episcopi
627 3039 873 3118 Sarisburiensis,
888 3038 1061 3104 litterarum
1082 3037 1146 3102 anti
1169 3058 1284 3100 uarum
1304 3051 1396 3097 aman·

358 3123 482 3203 tissimi,
498 3138 623 3211 promta
643 3126 815 3205 voluntate,
832 3126 980 3212 Magistri
996 3061 1308 3211 collegii-&rimatis
1326 3122 1396 3184 cm-

364 3209 558 3296 tabrigiensis
579 3209 736 3289 facilitate,
752 3225 898 3276 votorum
920 3215 1074 3275 summam
1096 3223 1307 3294 consequutus
1325 3223 1394 3280 sum,

363 3308 400 3359 ut
422 3319 461 3358 ex
484 3295 616 3382 Collegii
630 3296 825 3364 xbibliotheca
845 3320 934 3361 exem
952 3296 1023 3360 ‘lum
1039 3295 1173 3360 Homeri
1190 3291 1396 3358 Bentleianum
1428 3302 1430 3308 ’

364 3381 412 3478 ad·
430 3403 480 3444 me
503 3381 687 3446 mitteretur.
732 3383 860 3470 Agnovi
882 3383 915 3446 in
934 3320 983 3446 liis
1001 3399 1167 3470 generosos
1184 3380 1395 3444 Britannorum

364 3489 493 3545 ammos,
510 3479 541 3530 et
562 3465 777 3533 liberalitatem
800 3469 910 3533 studiis
931 3467 1134 3534 humanitatis
1154 3467 1303 3554 dignans
1326 3481 1396 3526 eam·

364 3575 426 3639 que
440 3565 511 3638 post
527 3565 572 3616 tot
587 3577 684 3618 annos
697 3553 822 3641 publice
836 3554 1011 3642 gratissima
1024 3568 1128 3618 mente
1142 3551 1296 3640 praedico.
1331 3551 1397 3612 Per-

363 3637 450 3702 venit
472 3638 551 3703 liber
571 3641 612 3704 ad
635 3663 686 3704 me
703 3663 744 3704 m.
770 3641 943 3706 Februario
962 3661 989 3704 a.
1012 3642 1088 3705 XC.
1123 3638 1196 3704 Dici
1217 3638 1272 3701 vix
1293 3643 1394 3724 potest,

364 3748 430 3812 quo
444 3724 538 3788 animi
559 3740 648 3790 motu
671 3741 702 3791 et
723 3727 837 3792 affectu
858 3727 950 3791 Rich.
968 3725 1101 3792 Bentleii
1115 3748 1227 3790 manus
1241 3747 1260 3788 a
1274 3745 1321 3786 me
1334 3739 1397 3783 con-

364 3823 470 3898 specta
483 3810 597 3885 fuerit;
620 3812 721 3877 multo
742 3814 841 3900 magis
862 3825 1036 3878 commotus
1054 3833 1135 3889 sum,
1150 3833 1223 3875 cum
1237 3831 1309 3874 eum
1322 3803 1396 3868 vide-

356 3919 441 3978 rem,
457 3918 513 3982 per
533 3909 635 3962 totum
658 3901 846 3979 Homerum,
858 3899 925 3985 jam
947 3898 1124 3986 appinxisse
1144 3894 1294 3984 digammi
1307 3891 1394 3978 signa

364 3982 536 4048 secundum
559 4007 627 4048 eam
649 4008 790 4050 normam
805 3998 835 4050 et
850 3985 1012 4062 rationem,
1029 4005 1124 4082 qnam
1141 3982 1208 4071 ipse
1223 3980 1281 4046 sibi
1294 3997 1395 4129 propo

359 4081 479 4148 suerat,
496 4091 558 4132 non
572 4069 700 4157 quidem
715 4071 900 4150 absolutam,
916 4083 1021 4134 tamen
1042 4068 1239 4143 inchoatam3
1263 4065 1294 4130 vi
1316 4064 1394 4127 ebam

331 4195 333 4204 =
363 4178 491 4241 quoque
514 4155 599 4222 allita
621 4157 654 4220 in
676 4157 822 4222 extremis
843 4156 958 4222 chartis
979 4155 1089 4234 multa,
1105 4155 1221 4242 quibus
1240 4153 1394 4242 verborum

364 4264 445 4327 quae
470 4241 628 4328 digamma
652 4243 852 4308 admitterent
875 4256 931 4307 aut
953 4254 1145 4329 respuerent,
1166 4241 1275 4305 classes
1296 4246 1395 4300 consu-

364 4339 452 4390 tuere
474 4340 666 4404 tentaverat;
690 4343 727 4394 ut
749 4343 852 4428 tamen
874 4342 1049 4417 appareret,
1065 4327 1206 4393 nondum
1219 4325 1249 4392 ei
1263 4324 1326 4388 visa
1339 4337 1395 4384 esse
