3008 5056
502 373 570 438 AD
594 371 744 440 ILIAD.
766 376 804 437 0.
1018 457 1023 478 ⁸
1138 371 1183 442 97
1223 435 1228 440 .

143 542 297 608 observata
310 553 396 623 sunt,
410 565 475 608 non
488 544 608 632 ubique
620 544 663 610 ad
676 557 785 634 poetas
798 569 816 610 e
840 543 903 610 'cos
916 542 1026 608 referri
1039 555 1179 632 posatnt

142 627 271 694 Omnino
291 641 398 696 autem
418 630 518 696 omnis
539 631 617 696 haec
637 631 679 696 dc
699 631 789 698 hiatu
808 565 979 718 thlsputatio
993 629 1034 695 ab
1048 627 1180 696 alionum

141 725 298 802 poetarum
313 716 429 781 usibus
450 732 498 782 est
519 717 717 798 secludenda,
732 732 765 783 et
785 718 829 782 ad
849 717 950 783 solum
969 719 1182 784 Homeruma

139 800 222 866 nobis
243 816 426 884 revocatum
449 827 524 870 eum
548 802 632 878 enim
656 804 821 904 proprium
839 803 976 892 aliquem
1002 827 1096 870 usum
1119 825 1181 870 ser-

140 909 221 952 vasse
234 888 341 976 paullo
355 889 535 978 diligentins
548 890 720 978 inquirenti
734 891 824 957 facile
838 904 938 990 patet
1081 921 1087 928 ·

171 975 354 1040 'Homerum
379 976 509 1064 quidem
533 977 638 1043 hiatus
665 977 899 1066 diligentissime
928 975 1060 1042 evitasse
1087 998 1181 1042 nemo

139 1073 235 1148 neget,
250 1062 308 1150 qui
322 1061 373 1128 vel
385 1063 510 1163 aliquot
523 1078 669 1164 centenos
683 1087 793 1130 versus
806 1062 926 1164 legerit,
949 1062 1063 1162 Altera
1076 1075 1181 1130 tamen

137 1149 658 1326 hillsldlllhll‘sslll'}
666 1174 821 1304 iffi}
832 1162 1182 1325 *suffiti
1274 1319 1291 1332 ῃ

136 1341 203 1386 rum
217 1334 251 1386 et
259 1321 470 1403 librariorum,
485 1345 540 1390 seu
554 1325 828 1412 grammaticorum
841 1323 942 1389 vitio?

48 1417 51 1422 '
176 1408 216 1471 In
240 1408 350 1473 multis
375 1409 485 1498 ntique
510 1411 651 1476 versibus
675 1433 696 1476 a
717 1410 902 1498 corruptelis
920 1410 1025 1476 hiatus
1048 1409 1182 1496 profecti

137 1506 216 1573 sunt,
231 1507 269 1558 et
279 1517 395 1584 magna
408 1517 556 1562 versuum
570 1521 644 1586 pars
658 1509 766 1562 sanata
779 1509 936 1650 estecpera
957 1495 1070 1561 critica.
1117 1497 1181 1560 Re-

134 1591 212 1644 stant
226 1593 334 1646 tamen
349 1583 399 1647 vel
414 1583 456 1648 sic
470 1607 589 1664 versus,
604 1583 638 1648 in
659 1583 776 1670 quibus
797 1607 829 1650 m
870 1582 920 1648 ela
939 1581 1046 1648 criuca
1067 1603 1181 1670 suppo-

134 1677 195 1731 tore
208 1667 337 1734 videtur
350 1669 446 1734 nulla
492 1671 659 1760 Ingeniosa
679 1693 783 1759 nuper
801 1670 851 1734 vir
871 1667 995 1746 doctiss
1015 1670 1181 1736 Hermann

133 1749 164 1816 in
176 1754 338 1842 praeclaro
356 1755 438 1821 libro
450 1756 492 1821 de
507 1757 622 1822 Mettis
637 1760 842 1838 Graecorum,
858 1757 899 1821 ad
921 1767 1058 1820 metrum
1080 1768 1112 1818 et
1131 1777 1182 1820 ao-

133 1853 271 1920 centum,
285 1865 387 1928 coque
399 1842 442 1906 ad
455 1843 580 1908 aurium
596 1843 754 1932 judicium
775 1844 853 1908 haec
867 1841 1043 1916 revocavit;
1067 1840 1109 1906 ad
1122 1840 1183 1906 hoc

133 1937 244 2008 nmen,
262 1952 335 1993 cum
358 1941 423 1994 tarn
444 1927 600 1995 lubricum
615 1943 647 1994 et
660 1929 860 1994 arbitrarium
877 1930 928 2009 sit,
943 1927 1091 2016 equidem
1105 1949 1180 2006 nou,

133 2013 188 2077 nisi
201 2014 259 2080 ubi
273 2014 372 2094 aliud,
388 2015 476 2115 quod
496 2017 705 2104 opportunius
727 2015 777 2096 sit,
793 2016 896 2081 afferri
910 2026 1057 2102 nequeat,
1072 2013 1183 2078 confu-

132 2099 221 2186 giam.
271 2103 421 2167 Constitit
436 2126 563 2191 quoque
577 2103 665 2183 mihi,
680 2125 828 2191 magnam
843 2125 952 2167 eorum
973 2123 1134 2180 versuum,
1149 2099 1183 2164 in

132 2187 245 2272 quibus
271 2188 393 2253 hiatum
415 2213 456 2253 ex
476 2202 607 2254 accentu
626 2189 726 2256 tuitus
747 2201 806 2270 cst,
828 2189 951 2278 parterii
970 2211 1008 2253 eo
1030 2199 1182 2276 tempore,

130 2297 194 2360 quo
206 2275 330 2340 conditi
343 2287 429 2356 sunt,
445 2275 548 2340 nullos
561 2276 667 2342 hiatus
679 2276 835 2342 habuisse.

26 2383 27 2390 ¹
172 2360 337 2448 Equidem
358 2385 432 2427 cum
449 2363 516 2450 jam
531 2386 552 2426 a
566 2363 697 2451 triginta
707 2362 793 2444 inde,
809 2374 841 2427 et
855 2361 943 2450 quod
964 2359 1113 2440 excmrit,
1128 2379 1183 2424 an

132 2445 186 2511 nis.
197 2448 240 2512 ad
263 2448 346 2513 hanc
365 2448 529 2536 prosodiae
542 2463 664 2538 partem
685 2448 899 2530 offendissem,
909 2459 943 2513 et
958 2447 991 2512 in
1010 2467 1119 2511 omncs
1132 2468 1183 2510 me

130 2547 235 2682 putea
258 2547 424 2614 verterem,
439 2557 496 2600 nec
518 2535 704 2623 quidquam,
720 2535 808 2623 quod
822 2533 907 2600 omni
928 2556 969 2598 ex
990 2543 1080 2621 purte
1097 2531 1184 2598 satis-

144 2635 256 2702 areret,
275 2621 469 2708 reperissem,
484 2621 742 2709 quandoquidem
764 2634 859 2702 certa,
881 2619 1003 2708 liquida
1024 2631 1056 2683 et
1076 2617 1185 2708 explo-
1298 2649 1302 2656 ·

129 2719 205 2786 rata,
229 2729 297 2772 non
320 2708 396 2772 ficta
416 2721 448 2772 et
473 2721 651 2797 properata,
667 2709 867 2797 quaerebam,
890 2705 1043 2773 nonnulla
1065 2717 1182 2785 umen,

129 2816 209 2882 quae
234 2794 358 2881 liquere
383 2793 576 2876 viderentur,
602 2794 850 2860 animadvertere
868 2794 953 2859 ,mibi
982 2792 1068 2857 visus
1092 2815 1181 2858 sirm:

128 2903 227 2969 eaque
242 2881 333 2945 haud
348 2880 469 2968 pigebit
482 2881 711 2947 communicare
719 2905 800 2946 cum
814 2881 892 2960 aliis,
908 2879 1001 2945 utad
1015 2877 1086 2957 alia,
1101 2877 1184 2943 forte

127 2969 274 3047 certiora,
285 2967 492 3038 deducantur.

170 3055 295 3118 Verum
309 3053 565 3119 constituendum
579 3068 626 3120 est
645 3065 718 3119 ante
732 3053 847 3132 omnia,
863 3051 919 3139 qui
933 3050 996 3116 sint
1009 3048 1054 3114 illi
1067 3049 1184 3131 hiatus,

127 3137 168 3203 dc
181 3138 305 3228 quibus
318 3139 370 3204 hic
380 3154 559 3228 quaeratur.
598 3141 744 3206 Primum
758 3138 946 3204 excludendi
961 3148 1035 3202 sunt
1048 3136 1105 3217 illi,
1120 3159 1184 3201 non

128 3238 211 3292 recte
225 3227 336 3292 hiatus
349 3227 509 3316 appellati,
525 3227 654 3316 quando
667 3227 896 3315 diphthongus,
912 3223 962 3290 vel
982 3222 1097 3290 vocalis
1118 3223 1186 3288 lon-

128 3335 179 3399 ga,
217 3335 282 3378 uae
296 3324 329 3378 et
342 3313 538 3465 ipspiehlp'hpis
552 3314 701 3381 brevibus
696 3326 856 3465 &pipare
870 3309 1004 3462 ἂίξεηάα
1019 3322 1077 3409 est,
1092 3308 1185 3462 diff

128 3421 149 3460 .v
303 3423 360 3464 seu
654 3423 695 3464 an
839 3421 872 3462 1n
924 3421 964 3463 ne
992 3420 1085 3462 vocis.
1166 3418 1187 3460 a

127 3485 352 3574 diphthongus
377 3423 473 3551 moldo
493 3424 679 3575 cinrilpuiim
710 3487 807 3573 modo
828 3484 1025 3572 producitur,
1050 3482 1114 3548 sive
1140 3495 1187 3547 to-

129 3591 209 3636 num
232 3572 352 3636 habaiu
365 3595 405 3636 cx
419 3597 558 3653 caesura,
574 3573 638 3638 sive
652 3597 690 3638 eo
703 3583 812 3646 vacet3
837 3571 880 3636 sic
896 3577 932 3635 B.
948 3573 1010 3636 231
1028 3568 1055 3634 tv
1070 3595 1115 3634 κει
1129 3567 1187 3654 ἐγῶ

127 3660 215 3737 δήσας
232 3659 386 3750 &pipat
407 3655 495 3734 ἄλλος
508 3661 648 3746 Ἀχαιῶν.
669 3659 721 3724 hie
741 3659 840 3724 altero
861 3657 931 3722 loco
951 3656 1046 3744 longa
1067 3655 1188 3745 syllaba

129 3759 177 3810 est
201 3745 272 3809 sine
294 3768 438 3809 caesura:
463 3745 478 3824 ἢ
498 3759 571 3810 ante
592 3745 692 3825 ἄλλος,
712 3760 746 3810 at
758 3771 849 3830 εγω
871 3773 932 3823 η-
945 3743 1042 3808 habet
1064 3756 1185 3808 tonum.

131 3835 186 3897 Ita
208 3832 245 3896 in
269 3830 405 3910 ἑκηβόλου
417 3831 595 3908 Ἀπόλλωνος
609 3831 716 3897 nullus
736 3846 785 3897 est
802 3831 909 3896 hiatus
931 3828 1058 3918 proprie
1073 3829 1185 3894 dictim
1232 3861 1234 3866 ·

122 3919 279 3984 Veniunt
299 3917 333 3982 in
354 3919 491 3983 eundem
512 3941 645 3984 consum¹
662 3918 783 3984 vocales
800 3917 913 4006 longae
928 3939 1002 3984 cum
1016 3915 1105 3981 brevi
1119 3937 1189 3980 coa·

126 4005 283 4071 lescentes
297 4033 312 4094 ῃ
326 4029 367 4070 cx
382 4011 439 4070 Hl.
458 4033 480 4094 ῳ
499 4029 539 4070 ex
552 4011 609 4070 ΩΙ.
632 4005 708 4070 item
732 4033 767 4070 ιιι
787 4003 822 4068 in
844 4003 1017 4082 Πηληϊάδεω
1038 4005 1186 4100 Ἀχιλῆος.

127 4093 275 4157 Possunt
287 4093 415 4157 caedem
429 4113 557 4180 quoque
570 4091 761 4180 diphthongi
777 4089 938 4156 circumite
944 4111 986 4154 xo
999 4100 1100 4154 notati
1113 4095 1190 4166 esse,

132 4191 166 4244 et
189 4192 301 4244 tamen
323 4179 448 4266 corripi,
464 4190 502 4242 ut
516 4182 552 4248 Ξ.
569 4181 633 4243 140
651 4180 729 4265 γηθεῖ
747 4179 782 4243 tut
802 4179 946 4256 στήθεσσι.
961 4177 1025 4244 809
1040 4179 1084 4238 νῦν
1099 4173 1189 4238 bireti

125 4267 310 4330 *etech-Et
324 4288 425 4352 quum
439 4264 543 4330 brevis
557 4288 629 4330 eum
643 4265 739 4354 longa
754 4262 853 4329 vocali
867 4261 1036 4350 conjuncta
1053 4257 1191 4327 vocalem

131 4351 301 4438 sequentis
322 4351 407 4418 vocis
427 4351 594 4431 antecedit,
611 4365 653 4417 ut·
660 4355 695 4417 Γ.
712 4355 777 4419 152
791 4347 901 4438 δενδρέῳ
916 4345 1078 4438 ἐφεζόμενοι.
1094 4351 1133 4412 A.
1148 4347 1191 4412 15

660 4459 684 4500 n
