3026 5056
347 373 416 446 AD
440 371 590 439 ILIAD.
614 377 655 438 H.
678 370 743 440 886
765 394 811 462 eq.
836 373 901 438 mo
923 395 991 461 rqq.
1152 373 1196 442 65

136 544 245 630 patel3
271 555 318 624 at,
333 545 523 614 dleeteatiu
543 549 589 610 eet
610 547 786 627 dubitantia,
801 547 830 612 ei
843 557 889 614 eet
903 547 1034 632 oblimat,
1049 555 1104 610 out
1114 565 1189 630 pen·

137 631 212 694 deae
227 630 267 694 ab
283 631 349 695 clio
365 633 515 697 certamin
534 635 748 698 antecedente:
771 634 925 716 optatione
938 627 1064 698 videtur
1083 632 1195 700 locum

137 713 275 791 habere3
298 716 344 782 ita
358 729 474 796 tamen,
485 717 607 817 judicio
620 741 701 797 meo,
717 731 755 784 ut
769 719 987 808 subjunctivus
1001 741 1065 783 non
1084 719 1189 786 minue

135 801 243 867 locum
257 802 383 883 hebeat,
400 803 426 868 si
440 817 572 892 scnptor
585 803 646 869 hoc
659 804 812 870 maluerit.
848 805 909 872 od.
925 810 961 870 A.
978 805 1033 870 ubi
1047 828 1187 892 praecea-

136 901 230 968 seret,
250 889 414 956 collocavit
434 891 589 978 hospitem
611 913 750 956 seorsum
764 914 784 957 a
797 893 917 971 ceteris,
931 914 973 957 ne
989 890 1122 980 strepitu
1138 893 1186 958 ol*-
1302 957 1304 964 ,

135 975 332 1088 ffflderetur,
346 981 386 1060 μὴ
402 981 485 1056 ξεῖνος
500 977 704 1056 ἁδήσειεν-ἦθ’
720 979 769 1078 lea
786 1005 834 1078 μιν
855 981 915 1064 περὶ
937 981 1039 1065 πατρὸς
1061 982 1185 1065 ἀποιχο-

135 1060 595 1234 “lttttltiltlttttllt
601 1064 984 1237 ιῇῗιίὶῗίῗζῖίίῖίρίξ
995 1063 1187 1237 abdidi

136 1232 247 1320 ἐρέοντο.
271 1233 327 1299 ubi
342 1235 469 1322 spurius
482 1259 591 1300 versus
604 1238 780 1324 subjectus:
805 1239 843 1314 ἦθ’
861 1238 906 1300 ἵνα
923 1263 972 1319 μιν
994 1237 1074 1311 κλέος
1088 1237 1185 1301 ἐσθλὸν

136 1319 480 1471 ἔν’ἇνθφῶἷοισαιῦἱῆςφσιν.
510 1328 549 1388 Λ.
565 1326 587 1386 2
600 1336 633 1388 et
645 1329 681 1388 T.
696 1326 718 1386 2
732 1322 783 1402 ἠως
797 1322 877 1410 ὄρνυθ’
892 1317 923 1386 ίν’
938 1321 1099 1386 ἀθανάτοισι
1114 1321 1184 1406 φθως

189 1431 225 1469 οι.
249 1429 272 1470 ιι
295 1429 306 1470 ι
408 1435 419 1468 ε
455 1456 463 1472 .

138 1423 259 1556 WJam
273 1492 366 1558 video
383 1425 466 1558 iiiia
486 1493 594 1559 doctoe
615 1515 678 1560 nou
700 1493 796 1560 modo
816 1491 993 1581 optativum
1014 1493 1183 1579 praeferre,

136 1577 358 1644 verumetiam
373 1579 573 1668 subjunctivo
587 1594 670 1646 recte
683 1581 728 1644 ίικ
741 1579 837 1668 jungi
855 1600 945 1666 posse
963 1600 1086 1666 negare.
1133 1579 1186 1644 Sic

136 1665 332 1730 Northmore
346 1665 388 1732 ad
404 1666 580 1756 Tryphiod.
598 1669 662 1735 187
676 1691 801 1733 versum
816 1673 851 1731 B.
867 1668 932 1730 205
946 1665 982 1738 είς
1000 1666 1147 1744 βασιλεὺς,
1163 1664 1187 1752 ᾦ

137 1751 297 1816 tane-tva
318 1751 414 1834 σφίσιν
434 1753 606 1840 ἓμβοισιλειίῃ
623 1754 843 1842 corrigendum
864 1775 930 1817 esse
951 1751 1111 1816 contendit
1131 1755 1184 1835 lp.-

135 1837 295 1918 βωσιλειίοι.
317 1843 352 1902 Τ.
367 1841 441 1909 847.
458 1843 487 1904 8.
504 1841 570 1904 ἀλλ’
586 1841 620 1906 ίθι
636 1846 660 1904 cl
674 1839 776 1929 νέκταρ
789 1866 821 1904 τε
836 1839 884 1904 καί
904 1837 1062 1926 ἀμβροσίην
1080 1844 1185 1922 lomer-

136 1928 180 2003 νῆν
194 1924 302 2002 στάξον
320 1925 356 1988 ἐνί
376 1925 516 2004 στίθεσσ,
530 1925 576 1990 tut
593 1927 633 2007 μί
654 1952 701 2008 μιν
722 1927 803 2009 λιμθς
823 1925 928 2003 ἵκηται.
950 1923 1106 1988 aoloecum
1123 1924 1183 1988 hoc

116 2031 203 2076 esse
227 2023 260 2074 et
281 2011 497 2098 reponendum
519 2011 625 2088 ίκοιτο;
649 2012 756 2100 sicque
776 2011 890 2078 iterum
911 2029 986 2074 mox
1007 2011 1081 2074 aot.
1120 2010 1183 2076 od.

134 2101 169 2160 Γ.
187 2097 206 2160 l
230 2097 319 2176 ἠέλιος
341 2099 363 2159 δ’
385 2097 587 2186 ἀνόρουσε-ἵν’
608 2100 769 2164 ἀθανάτοισι
793 2097 885 2184 φαοίνῃ
907 2095 1095 2161 mutandum
1117 2119 1185 2161 esse

135 2182 244 2267 φανείη.
281 2185 399 2249 Vereor
412 2207 452 2250 ne
465 2185 542 2250 haec
555 2183 661 2250 critica
674 2185 715 2250 ab
728 2184 845 2250 Atticis
857 2183 964 2249 alienia
977 2182 1053 2248 locis
1065 2181 1099 2247 iu
1114 2184 1185 2248 Ho-

136 2291 263 2334 merum
278 2269 319 2334 sit
330 2269 424 2336 illata

179 2357 243 2422 Eat
257 2356 386 2423 tandem
400 2357 511 2422 tertius
525 2375 602 2422 usus
615 2363 664 2421 τοῦ
678 2359 723 2422 be
737 2379 805 2422 nem
822 2356 998 2434 indication,
1014 2368 1054 2420 ut
1066 2361 1102 2419 A.
1118 2354 1186 2421 863

80 2437 85 2448 ’
135 2443 181 2506 ἵνα
196 2442 301 2525 εἴδομεν
315 2441 411 2528 ἄμφω.
443 2449 487 2508 Θ.
499 2446 542 2510 18
555 2444 599 2508 ίιοι
614 2443 696 2507 εἴδετο
709 2442 820 2518 τοίιτες.
849 2446 887 2505 Φ.
903 2443 969 2507 314
981 2443 1026 2506 lea
1040 2442 1185 2524 παύσομεν

12 2557 16 2566 ·
136 2527 237 2630 ι’ίγςιον
257 2527 351 2614 ἄνδρα.
398 2530 491 2595 Varia
509 2528 786 2596 comminiscuntur
800 2527 860 2592 viri
878 2527 962 2593 docti
975 2527 1183 2592 ad'rationem

137 2615 237 2704 hujus
251 2614 371 2680 formae
384 2616 608 2706 reperiendam.
630 2615 703 2682 vide
716 2616 758 2680 ad
773 2620 810 2680 A.
826 2613 899 2680 363.
922 2613 1104 2680 Atticorum
1118 2635 1185 2680 mo-

137 2723 205 2766 rem
228 2723 303 2766 eum
323 2722 391 2766 esee
412 2701 486 2768 satis
507 2713 636 2768 constat.
681 2705 781 2767 Recte
805 2701 885 2776 hoc;
908 2724 1019 2766 verum
1042 2703 1185 2766 Homero

137 2787 217 2853 nihil
246 2811 412 2854 commune
435 2801 483 2855 eat
507 2791 580 2854 eum
605 2789 799 2864 Atticiamis3
826 2787 881 2852 sed
909 2788 1056 2874 antiquae
1084 2787 1118 2852 iu
1147 2810 1187 2854 eo

136 2875 259 2940 formae
280 2887 313 2940 et
333 2897 410 2941 usus
429 2875 551 2964 antiqui
569 2890 644 2942 sunt
656 2874 837 2964 quaerendi.
882 2873 967 2938 Mihi
980 2873 1106 2938 videtur
1123 2872 1185 2938 hoc

137 2985 212 3026 cum
230 2961 300 3026 aliis
312 2962 355 3027 ad
368 2962 582 3051 imperfectam
597 2962 759 3028 Homerici
777 2960 846 3026 aevi
866 2959 1101 3047 grammaticam
1118 2981 1185 3024 ease

136 3047 357 3124 referendum
382 3064 415 3114 et
428 3071 493 3116 esee
507 3049 588 3115 illud
605 3047 704 3114 serius
718 3061 876 3114 servatum
890 3047 931 3112 ab
945 3045 1062 3111 Atticis
1075 3045 1130 3125 iu,
1147 3057 1185 3110 ut

137 3137 234 3202 etiam
248 3159 308 3224 pro
321 3135 510 3224 elegantiore
522 3136 673 3224 loquendi
689 3135 784 3201 modo
802 3135 978 3200 haberetur.
1025 3134 1185 3221 Propaga-

138 3239 208 3290 tum
222 3223 298 3288 inde
312 3236 359 3287 eat
372 3224 467 3289 etiam
480 3223 522 3288 ad
536 3223 700 3312 scriptores
713 3245 777 3288 non
792 3220 925 3288 Atticos.

182 3312 299 3376 Restat
313 3333 390 3374 usus
399 3319 447 3376 τοῦ
462 3311 507 3374 ίνοι
515 3309 620 3399 juncti
634 3313 771 3392 cumpo),
782 3309 828 3373 ίνοι
840 3308 891 3391 μή.
913 3307 1084 3372 Videamus
1097 3305 1186 3394 priua

140 3398 180 3463 de
195 3419 258 3462 usu
269 3403 318 3461 τοῦ
332 3401 371 3480 μὴ
382 3396 467 3462 nude
480 3397 587 3486 positi:
604 3419 699 3484 quem
713 3395 871 3460 diversum
881 3417 947 3458 ease
957 3393 1029 3481 quis
1042 3392 1185 3471 miretur,

140 3483 249 3573 prouti
270 3482 304 3548 in
325 3483 464 3549 oratione
485 3491 571 3550 recta
588 3497 621 3548 et
637 3482 781 3548 absoluta
799 3503 840 3545 an
857 3480 889 3544 in
905 3480 1043 3568 obliqua,
1059 3479 1187 3544 aliunde

140 3570 310 3662 pendente,
326 3567 388 3634 alio
400 3593 435 3634 re
458 3570 562 3650 mine,
577 3570 709 3656 legatur.
756 3568 789 3633 Si
802 3567 901 3654 igitur
1109 3637 1112 3646 y
1188 3567 1190 3572 ’

187 3662 218 3725 Ι.
242 3669 290 3725 est
310 3593 467 3744 particuia¹
486 3659 647 3736 hortantis,
669 3654 868 3732 deludentis,
890 3653 1036 3716 monna
1056 3673 1094 3716 ae
1114 3652 1188 3737 qaid

133 3745 210 3826 fiat,
233 3744 377 3824 vetantis,
397 3745 591 3826 prohibentis,
613 3739 1011 3820 commonstrarent,
1032 3737 1187 3817 ιοίοονιιίε,

140 3837 179 3916 μὴ
197 3830 350 3921 jungitur
370 3829 466 3894 modo
486 3852 560 3894 cum
580 3829 769 3912 imperativo,
786 3832 824 3890 A.
840 3826 900 3890 131
918 3825 978 3906 μίθ
994 3821 1189 3913 circumiere

142 3919 204 4005 ιίῳ,
215 3917 313 3982 modo
325 3925 399 3981 'cum
414 3915 616 4002 mtjuuctmo:
632 3928 670 3980 ut
683 3915 748 3979 fere
760 3909 950 3998 subintelligi
961 3910 1063 3998 posit
1073 3907 1193 3987 λῖλιίω,·

140 4007 192 4089 μή.
215 4005 326 4070 κωλιίω.
349 4003 525 4088 ἀπαγορεύω.
546 4001 692 4086 φυλάσσου
711 4001 759 4082 μή.
782 3998 832 4086 νίφα
852 3999 899 4080 μή.
922 4011 960 4062 ut
975 4003 1013 4062 A.
1029 3995 1071 4062 26
1084 3994 1122 4078 μή
1143 4019 1192 4072 σε,

141 4091 238 4182 uigor,
253 4089 380 4178 κοίλῃσιν
393 4088 450 4174 ἐγὼ
463 4094 541 4174 καιροὶ
555 4089 631 4166 νηυσί
646 4087 757 4172 κιχείω.
770 4091 822 4149 Π.
835 4087 901 4150 545
916 4087 1006 4161 ἀλλὰ,
1019 4079 1189 4165 elinancio-

141 4204 241 4258 στητε,
257 4175 440 4258 νεμεσσήθητε
455 4176 482 4238 bi
497 4177 582 4261 θυμῷ,
597 4179 635 4256 μὴ
653 4176 717 4237 ἀπὸ.
730 4171 822 4257 τείχε’
838 4169 966 4246 ἕλωνται,
981 4165 1145 4231 ἀεικίσσωσι
1162 4166 1192 4228 δε

143 4264 246 4351 νεκρίν.
268 4261 321 4328 hic
336 4285 413 4327 usus
426 4259 573 4326 latissime
629 4270 683 4324 tet.
725 4259 795 4322 dun
817 4257 882 4321 'tur
895 4255 989 4320 etiam
1003 4273 1074 4344 cum
1088 4247 1192 4323 infini-

144 4351 227 4418 tivo:
255 4356 300 4417 Π.
314 4351 359 4419 89
375 4352 414 4432 μὴ
432 4347 498 4433 σύγ’
517 4283 630 4412 {cmliii
641 4349 715 4428 ἐμεῖο
734 4345 891 4407 λιλιιιεσίοιι
906 4335 1068 4420 ’πολεμίζειν
1082 4349 1113 4401 et
1127 4337 1193 4407 839
1325 4363 1329 4376 ·

328 4477 335 4487 -
665 4451 685 4493 r
