2998 5052
492 365 561 430 AD
586 365 798 431 1L1A1).n.
1110 367 1171 436 261

132 537 274 618 Troicus,
297 552 366 604 tum
388 535 532 602 universe
552 559 585 602 m
644 537 730 613 icus;
757 537 821 606 fuit
841 537 1004 620 Arotinus,
1026 537 1089 606 iirit
1110 541 1174 607 Le-

131 625 232 707 sehes,
251 624 333 692 circa
349 623 482 713 -Olymp.
506 626 581 690 XX
622 625 694 704 ΙΙΙ,
717 625 871 706 serious,
893 626 1037 692 carminis
1060 629 1087 692 C

130 725 245 790 auctor,
270 723 338 776 tum
360 710 513 776 Pisander
531 710 720 780 Camil-ensis
741 711 850 778 eadem
871 726 983 792 aetate,
999 651 1173 780 Hmyyuu

129 809 256 872 sueton
279 797 399 864 interea
419 797 588 886 lyricorum
610 812 642 864 et
664 798 855 886 tragicorum
875 799 1001 888 ingenia
1020 800 1172 868 inclarue-

129 897 207 950 rant.
250 886 370 950 Verum
384 883 424 950 de
438 885 488 949 his
502 884 648 951 disertius
669 885 728 950 erit
749 885 918 952 dicendum
938 887 993 952 ini.
1012 889 1092 954 Sect.
1110 890 1168 954 1v.

128 971 165 1035 de
178 971 418 1060 rhapsodiarum
432 995 592 1060 compage.
732 1027 734 1032 .

168 1057 276 1122 Prima
290 1057 426 1124 Homeri
439 1073 471 1123 et
484 1058 701 1147 antiquissima
718 1058 868 1124 memoria
888 1071 976 1125 extat
993 1081 1013 1125 a
1037 1060 1081 1125 ud
1095 1060 1171 1127 Pin-

127 1143 248 1224 darum,
261 1145 317 1232 qui
329 1145 425 1232 Pyth.
439 1144 499 1224 IV,
505 1149 575 1216 493
585 1168 710 1210 versum
722 1144 926 1210 Homericum
943 1170 983 1212 ex
995 1083 1035 1212 li.
1045 1152 1083 1211 0.
1095 1149 1168 1218 207.

127 1231 260 1318 respicit,
276 1240 330 1295 τοῖιν
345 1235 372 1295 δὲ
385 1233 509 1320 Ὁμήρου
529 1233 576 1296 καὶ
599 1232 661 1296 τίδε
683 1232 839 1315 συνθέμενος
853 1239 927 1320 ῥῆμα
941 1232 1062 1321 πόρσυν’.
1077 1233 1170 1322 ἄγγε-

128 1334 174 1384 λον
187 1322 269 1387 ἐσλὸν
285 1317 338 1402 ἔφα
352 1323 436 1402 τιμὰν
447 1318 589 1406 μεγίσταν
599 1319 749 1405 πράγματι
759 1321 841 1382 σαντί
855 1320 950 1406 φέρειν.
966 1342 1061 1407 porro
1071 1320 1169 1424 Ulys-

127 1427 189 1468 sem
204 1403 384 1471 inclaruisse
397 1405 452 1485 ait,
467 1404 628 1471 laboribus
642 1406 710 1492 ejus
722 1404 856 1472 Homeri
871 1405 1006 1470 carmine
1020 1406 1053 1471 in
1067 1429 1170 1496 mayus

127 1491 224 1558 auctis
238 1493 332 1557 Nem.
348 1493 429 1572 VII,
445 1495 488 1563 29
503 1491 560 1577 ἐγυδ
582 1494 609 1558 δὲ
628 1491 712 1557 πλέον
733 1491 851 1574 ἔλπομαι
868 1491 954 1576 λθγον
974 1495 1136 1574 Ὀδυσσέος,
1152 1495 1168 1575 ἢ

126 1579 217 1658 πείθευ,
234 1581 279 1642 διὰ
293 1580 339 1643 σδν
352 1581 453 1650 οἱδυοπῆ
468 1579 573 1664 γενέσθ’
585 1576 713 1667 Ὅμηρον
727 1593 785 1643 etc.
829 1577 939 1666 Ajaeis
952 1577 1101 1644 virtutem
1120 1603 1169 1646 oe-

116 1663 276 1730 lebratam
292 1687 358 1730 esse
371 1665 412 1730 ab
428 1667 571 1730 Homero
586 1665 698 1731 Isthm.
716 1667 776 1744 IV,
792 1663 835 1730 63
849 1668 916 1729 ἀλλ’
925 1663 1050 1750 Ὅμηρός
1063 1691 1104 1732 τοι
1118 1693 1169 1732 τε-

125 1751 242 1834 τίμακεν
257 1754 288 1816 δι’
303 1752 456 1840 ἀνθρώπων,
468 1751 496 1828 t,
511 1757 596 1816 αὐτοῦ
610 1757 705 1816 πᾶσαν
720 1751 850 1838 ι’ρθοίισοιις
864 1755 966 1838 &gareb
978 1758 1054 1816 κατὰ
1067 1753 1168 1838 ροίβδον

125 1837 240 1926 ἔφρασεν
255 1838 403 1903 θεσπεσίων
418 1839 502 1904 lnior
516 1843 620 1914 λοιποῖς
634 1837 684 1902 att
701 1864 745 1902 ειν.
779 1836 870 1904 Idem
883 1841 944 1919 ’ομ
979 1839 1039 1913 ίδας
1052 1845 1168 1906 memo-

123 1938 371 2025 rabteqrumque
386 1924 434 2004 ἓιη
449 1925 553 2024 panai.
566 1924 609 2024 de
620 1866 740 2078 ffifius
752 1924 809 1989 inf.
823 1927 904 1990 Sect·
916 1865 988 1990 Ilii.
1002 1927 1054 1990 Ea
1066 1924 1169 2014 prima

111 2025 606 2187 wesmannus
749 2012 975 2198 stum.
988 2097 1167 2198 m...
1201 2103 1203 2106 ·

113 2187 251 2252 ’CCCC
273 2187 340 2256 fere
358 2185 538 2251 annitente
559 2207 592 2250 se
613 2202 725 2251 vixisse
742 2186 920 2273 profitetur,
934 2185 1013 2250 mhrl
1035 2208 1076 2251 ue
1089 2185 1169 2254 adeo

19 2323 20 2326 ο
121 2285 248 2425 grueter
261 2274 378 2340 famam
393 2273 555 2373 antiquam
568 2272 609 2337 de
623 2295 661 2336 ea
673 2287 779 2338 mucre
792 2272 908 2360 potuit,
923 2272 964 2337 ab
977 2209 1088 2338 iisdem
1101 2295 1170 2362 my·

156 2384 192 2425 os
212 2360 254 2426 de
271 2359 331 2426 diis
349 2373 524 2426 moranus
545 2383 611 2424 esse
632 2359 817 2424 constitutos
838 2371 871 2424 et
891 2357 1075 2424 distributos
1096 2381 1167 2424 nar-

123 2459 191 2523 rat3
216 2446 269 2512 lib.
287 2449 339 2527 ΙΙ,
356 2449 419 2514 115
433 2445 533 2512 videri
548 2447 726 2512 Homerum
741 2446 782 2512 de
796 2443 920 2510 Paridis
934 2457 966 2510 et
980 2444 1123 2510 Helenae
1136 2445 1170 2511 in

112 2536 156 2598 A
242 2547 311 2600 tum
336 2534 476 2600 adventu
500 2533 635 2598 audiisse
656 2547 748 2634 ,etex
769 2531 915 2632 [duribus
939 2531 1169 2631 narrationibus

121 2644 190 2774 {ii
204 2618 1168 2804 iidiissbffliimuffmiiiiffomixididiililiffiidffi

122 2795 253 2882 quidem
278 2797 430 2877 Διομήδους
454 2793 608 2882 ἀριστείαν,
631 2792 767 2872 recitatis
788 2816 915 2880 quoque
936 2792 1088 2872 verubus,
1110 2792 1168 2880 qui

121 2903 205 2948 nunc
227 2882 266 2948 Il.
283 2887 319 2946 Z.
335 2885 399 2952 289
418 2881 586 2961 habentur,
606 2901 702 2966 porro
715 2903 824 2944 versus
843 2885 869 2944 ἐν
881 2878 1041 2966 Ὀδυσσείῃ,
1057 2877 1114 2966 qui
1128 2885 1166 2943 A.

122 2972 194 3034 228.
212 2971 279 3034 352
292 2992 359 3056 sqq.
375 2967 544 3056 leguntur,
568 2988 705 3054 cumque
723 2967 755 3031 in
772 2966 892 3065 Cyprio
908 2963 1044 3029 carmine
1062 2987 1169 3030 narra-

119 3069 233 3122 rentur
246 3056 379 3134 diversa,
394 3054 524 3143 colligit,
537 3054 597 3119 hoc
613 3076 678 3118 esse
696 3053 811 3126 dirersr
830 3050 974 3117 auctoris.
1020 3051 1168 3118 Similiter

120 3143 160 3208 de
174 3142 332 3231 Epigonis
345 3141 472 3208 dubitat
485 3140 538 3206 lib.
556 3142 616 3220 IV,
632 3143 683 3205 82.
701 3142 801 3209 Porro
814 3138 867 3205 lib.
885 3139 937 3218 11,
952 3140 995 3202 23
1009 3161 1095 3220 eum,
1110 3152 1168 3209 aut

118 3229 219 3295 alium
294 3243 359 3294 tam
372 3229 539 3316 antiquum
554 3227 672 3295 Oceani
686 3248 800 3293 nomen
812 3224 968 3292 invenisse
979 3223 1088 3290 videri.
1101 3226 1166 3306 IV,

65 3379 70 3383 .
118 3321 162 3388 29
176 3253 293 3382 laudii
299 3315 358 3392 ἔοις
373 3319 399 3380 ἐν
412 3314 561 3404 Ὀδυσσείῃ
573 3314 613 3380 de
626 3314 716 3403 agnis
729 3314 762 3380 in
774 3314 880 3402 Libya
893 3313 1092 3378 nascentibus
1102 3335 1169 3379 cor-

116 3404 217 3470 nutis.
252 3403 313 3470 Od.
334 3409 370 3466 A
391 3406 442 3468 85.
480 3404 527 3466 Et
548 3404 588 3483 V,
607 3401 651 3471 67
677 3402 869 3468 Clisthenem
901 3400 1033 3500 Sicyone
1061 3411 1168 3466 namet

118 3491 351 3580 rhapsodorum
364 3489 560 3555 recitationes
573 3489 742 3556 sustulisse.
781 3488 927 3554 Tandem
941 3485 995 3553 lrb.
1006 3489 1085 3554 Vll.
1103 3487 1165 3554 161

117 3577 365 3644 Atheniensium
389 3577 512 3664 legatus
537 3577 578 3641 ad
601 3575 765 3658 Gelonem,
792 3599 850 3642 nos
871 3574 1091 3656 Athenienses,
1113 3581 1168 3640 τῶν

117 3668 167 3730 καί
184 3665 324 3754 Ὅμηρος,
340 3669 353 3728 ὁ
368 3665 494 3738 ἐποποιὸς.
506 3661 593 3749 ἄνδρα
620 3662 633 3686 ”
652 3689 727 3727 ιστοι
749 3663 830 3744 ἔφησε
852 3668 878 3738 ἐς
894 3661 982 3725 Ἴλιον
1004 3662 1165 3742 ἀπικέσθαι,

117 3753 207 3832 τάξαι
221 3779 252 3816 τε
269 3755 316 3816 καί
332 3754 520 3835 διακοσμῆσαι
536 3775 628 3836 σσροετ
642 3776 664 3813 ν.
687 3748 854 3838 respiciens
868 3748 910 3814 ad
923 3771 969 3812 vs·
985 3751 1059 3821 554.
1076 3749 1165 3814 Il..B.

91 3901 97 3909 .
117 3840 158 3905 de
174 3837 372 3904 Menestheo.

113 3964 117 3971 -
163 3924 373 4013 Thucydides
388 3923 522 3989 Homeri
539 3921 703 4010 aliquoties
716 3922 873 3988 meminit:
897 3920 1000 4020 primo
1015 3925 1038 3982 1.
1057 3923 1086 3986 3.
1110 3920 1167 3986 ubi

116 4035 236 4080 nomen
250 4011 422 4076 Hellenum
437 4009 612 4099 antiquitus
625 4010 667 4075 ad
682 4011 777 4076 solnm
789 4007 922 4074 Achilhs
936 4005 969 4071 in
984 4006 1168 4072 Phthiotide

117 4099 273 4166 ditionem
302 4097 487 4210 Bertinuisse
515 4097 623 4162 docet:
654 4100 797 4182 τεκμηριοῖ
820 4096 848 4158 δδ
873 4093 1004 4177 μάλιστα
1026 4090 1164 4182 Ὅμηρος,
1190 4183 1192 4186 Υ

117 4191 221 4271 πολλῷ
235 4190 293 4273 γὰρ
307 4209 418 4270 υστερος
433 4185 472 4246 ἔτι
493 4185 614 4246 καὶ-σῶν
628 4189 759 4269 Τρυιῑκῶν
780 4180 932 4267 γενόμενος.
955 4178 1071 4244 iterum
1092 4184 1115 4243 Ι.
1132 4183 1165 4250 9.

115 4274 159 4338 de
182 4275 424 4361 Agamemnone
446 4269 589 4335 Arcades
614 4269 647 4334 in
672 4270 794 4335 ditione
813 4266 958 4344 habente,
985 4266 1020 4340 ὥς
1039 4262 1167 4354 Ὄμερος

113 4368 201 4424 τοῦτο
219 4361 376 4438 δεδήλωκεν,
394 4357 419 4421 εἴ
431 4383 472 4443 sq>
491 4358 580 4432 ίνιοινδς
599 4365 799 4442 τεκμηριῶσαι.
821 4373 928 4418 versus
942 4364 988 4416 est
1003 4357 1037 4416 B.
1054 4350 1120 4438 612
1132 4369 1167 4422 et
