2998 5052
332 373 400 438 HS
679 368 931 436 EXCURSUS
954 368 1022 434 111.

330 564 454 626 caussas
481 541 544 608 tuit
571 540 763 630 migrationis
789 541 915 607 Ionicae
942 540 975 604 in
1000 540 1130 615 Asiam-3
1161 541 1202 606 de
1226 564 1292 629 qua
1316 561 1377 604 neo·

331 629 430 717 magis
444 643 537 716 poeta
550 640 711 708 memorat,
727 650 784 692 nec
798 627 839 694 de
854 627 945 693 Ionia
959 639 991 692 et
1006 626 1147 692 Ionibus.
1188 627 1284 706 Quod
1298 649 1375 691 vero
1405 669 1409 676 -

331 738 455 780 omnem
472 715 553 782 hanc
570 715 781 802 conjecturam
839 713 935 793 rimit,
950 727 1007 793 est,
1023 713 1112 814 quod
1123 713 1215 778 istam
1230 711 1375 778 Heracli-

330 801 443 867 darum
458 816 490 868 et
505 801 705 867 Doriensium
719 801 752 864 in
764 737 1014 888 Pdiiiponnesum
1029 801 1271 866 incursationem
1284 798 1374 864 annis

332 889 477 953 LXXX
493 890 533 953 ab
547 887 668 952 excidio
683 887 801 974 Trojae
815 885 951 952 evenisse
965 887 1121 966 convenit,
1136 910 1194 952 nec
1207 886 1269 950 nisi
1283 885 1373 950 annis

331 975 401 1039 LX
424 975 521 1039 serius
543 975 636 1038 Iones
659 973 691 1037 in
714 972 793 1036 Asia
818 973 1035 1052 consederunt,
1062 974 1239 1038 Homerum
1267 984 1374 1037 autem

330 1061 447 1210 ponem
464 1061 559 1126 fuisse
580 1073 612 1126 et
632 1059 665 1123 in
688 1059 780 1124 Ionia
800 1058 923 1139 vixisse,
946 1073 1090 1146 constans
1110 1072 1158 1134 est
1179 1058 1377 1146 antiquitatis

396 1159 441 1210 αἱ.
825 1183 837 1190 ν
1127 1199 1143 1217 .

345 1169 531 1318 an'i'empus,
568 1255 610 1296 uo
627 1243 736 1296 auctor
751 1231 868 1296 Iliados
882 1231 986 1296 vivere
1000 1231 1115 1320 potuit,
1131 1234 1311 1310 Homerus,
1321 1231 1376 1295 ali-

330 1342 395 1406 quo
415 1318 511 1381 modo
577 1331 639 1382 tem
661 1318 861 1383 constituitur
882 1319 940 1383 hac
962 1339 1026 1381 una
1047 1341 1092 1398 re,
1108 1341 1203 1406 quam
1223 1317 1302 1396 dixi,
1319 1317 1376 1382 mi-

329 1404 471 1492 gratione
487 1404 604 1485 Ionica,
620 1428 685 1491 qua
698 1404 809 1492 utique
823 1402 918 1468 serior
935 1427 1000 1468 esse
1014 1402 1124 1469 debuit
1138 1404 1175 1482 is,
1190 1427 1287 1491 quem
1302 1426 1376 1468 oon-

330 1504 414 1556 stans
428 1490 646 1555 fama'obtinet
661 1491 772 1554 Ionem
786 1490 891 1554 fuisse.
937 1493 1030 1554 Iones
1040 1491 1108 1578 jam
1123 1504 1191 1555 tum
1207 1491 1296 1555 sedes
1311 1514 1378 1556 cer-

330 1589 378 1641 tas
392 1578 424 1642 in
439 1576 536 1642 Asiae
550 1600 606 1642 ora
619 1576 764 1642 habuisse
778 1589 810 1640 et
824 1576 912 1641 cultu
927 1575 1032 1664 aliquo
1046 1577 1129 1642 vitae
1142 1577 1285 1641 floruisse
1302 1601 1376 1665 pro-

329 1661 433 1728 babile
445 1663 493 1742 fit,
508 1685 581 1727 cum
595 1686 635 1727 ex
649 1677 759 1750 poetae
772 1661 863 1728 dictis
877 1675 945 1726 tum
960 1685 1000 1726 ex
1014 1662 1163 1727 orationis
1173 1663 1374 1750 expolitione.

329 1751 353 1814 J
355 1773 406 1814 am
428 1749 574 1837 migratio
595 1748 650 1814 illa
670 1750 805 1813 refertur
827 1749 859 1813 in
883 1771 981 1812 annos
1002 1751 1066 1814 140
1088 1761 1119 1813 et
1141 1772 1226 1836 seqq.
1248 1772 1270 1813 a
1290 1749 1380 1829 bello

331 1835 486 1915 Tro‘ano,
501 1848 574 1900 ante
597 1838 634 1900 C.
651 1837 692 1899 N.
710 1837 812 1910 1044;
831 1835 910 1922 jam,
934 1848 1038 1900 sumto
1058 1834 1160 1922 spatio
1181 1847 1322 1914 centum,
1345 1847 1377 1900 et

329 1859 1252 2094 rarissimumaasumensi
1267 1921 1377 2072 ssu

425 2053 434 2086 ,
879 2056 886 2071 .

329 2091 416 2171 uicis,
443 2093 676 2180 Marmorisque
701 2092 787 2157 Parii
815 2105 1003 2158 conventum
1032 2116 1117 2164 nunc
1141 2117 1162 2158 v
1268 2107 1318 2158 est
1342 2094 1377 2158 iu

328 2200 426 2242 annos
439 2178 513 2243 hos:
532 2181 710 2244 Homerum
725 2177 865 2243 floruisse
879 2179 960 2244 circa
974 2202 1092 2245 annum
1106 2192 1178 2244 ante
1224 2181 1285 2244 .N.
1295 2183 1374 2255 907;
1411 2202 1417 2220 ¹

327 2278 400 2354 post
413 2265 629 2354 migrationem
645 2263 785 2329 Ionicam
804 2265 987 2341 annis1373
1011 2290 1031 2330 a
1046 2266 1147 2353 Troja
1166 2277 1260 2358 capta
1277 2266 1377 2349 (anno

328 2364 401 2416 ante
424 2355 460 2418 C.
478 2354 519 2417 N.
535 2354 647 2438 1184.)
671 2352 761 2416 annis
783 2354 861 2427 arn
885 2363 957 2416 ante
980 2351 1114 2440 primam
1137 2351 1375 2439 Olympiadem,

331 2439 492 2522 (ab-anno
516 2452 589 2503 ante
613 2440 652 2503 C.·
671 2439 712 2502 N.
735 2437 798 2506 776
843 2438 1055 2524 rocedentem)
1081 2438 1170 2504 annis
1194 2440 1276 2504 131:
1301 2453 1376 2515 aute

329 2527 373 2590 U.
390 2527 427 2590 C.
445 2525 586 2609 (condita
604 2536 709 2588 autem
729 2545 794 2588 esse
816 2461 922 2588 Home
938 2524 1068 2612 ponitur
1087 2537 1159 2589 ante
1180 2527 1216 2604 C.
1234 2527 1280 2588 N.
1295 2528 1386 2610 758)

308 2635 312 2641 ’
330 2611 419 2676 annis
434 2613 511 2677 154:
540 2611 632 2675 Circa
645 2610 779 2697 epochas
793 2609 850 2675 has
864 2623 1020 2698 vagantur
1040 2610 1208 2689 sententiae
1227 2610 1375 2687 aliorum,

328 2697 477 2785 equibus
491 2696 600 2760 saltem
615 2708 788 2760 memoratu
806 2695 963 2784 digniores
983 2711 1056 2778 sunt
1071 2697 1302 2775 Eratosthenis,
1319 2699 1376 2786 qui

329 2779 507 2848 Homerum
526 2795 711 2862 centum,·et
725 2781 911 2862 Aristarchi,
950 2783 983 2847 ui
1005 2806 1077 2848 eum
1096 2795 1223 2848 centum
1238 2785 1387 2870 quadra'

327 2869 417 2958 ginta
430 2892 527 2934 annos
541 2891 561 2934 a
575 2868 699 2933 Troicis
713 2880 776 2932 tem
819 2869 906 2934 ribus
920 2892 940 2932 a
961 2869 1057 2934 fuisse
1071 2869 1266 2956 scripserant.
1290 2871 1386 2936 Aliis·

328 2956 429 3022 modis
442 2977 594 3022 recessere
607 2955 664 3034 illi,
680 2954 736 3042 qui
752 2956 778 3018 C
803 2954 980 3042 ronologiae
998 2968 1133 3044 systema
1151 2955 1375 3038 condiderunt,

328 3065 463 3130 quorum
479 3042 592 3108 adsue
627 3041 739 3140 uisque
756 3040 871 3128 placita
889 3041 1122 3107 accommodare
1137 3042 1272 3106 Homeri
1290 3059 1376 3109 aeta-

327 3142 392 3194 tem
406 3128 537 3194 studuit
572 3129 624 3192 No
645 3127 672 3192 is
686 3150 719 3192 m
733 3126 811 3206 istis,
826 3150 908 3214 quac
922 3128 1096 3215 posuimuS,
1111 3127 1376 3214 acquiescendum

245 3266 249 3278 .
327 3230 385 3294 est,
401 3238 466 3279 non
484 3213 574 3302 quasi
595 3213 758 3302 explorata
779 3224 812 3278 et
832 3213 919 3278 omni
940 3213 1136 3280 dubitatione
1158 3214 1220 3279 sint
1240 3215 1374 3304 majora,

357 3378 369 3401 ⁸
379 3367 531 3418 Mentionem
541 3379 636 3444 quoque
643 3365 731 3428 judicii
741 3367 779 3415 sui
790 3366 828 3415 ia·
869 3381 930 3430 quoa
941 3368 972 3416 ad
985 3365 1098 3429 proxima
1111 3372 1167 3430 post
1181 3365 1274 3416 bellum
1285 3366 1376 3428 Troja-

322 3432 383 3497 jecit
400 3433 515 3482 Hallerus
531 3431 620 3480 ahcubi
636 3431 663 3478 in
679 3431 830 3480 Receasibus
869 3447 929 3481 uum
947 3439 1055 3494 tempora
1071 3439 1175 3480 aetatem
1189 3431 1294 3480 Homeri
1305 3446 1377 3479 revo-

326 3497 417 3548 nostris
433 3496 559 3548 litterariis
576 3495 703 3560 (Gotting.
719 3495 827 3544 Gelehrt.
869 3511 925 3546 care
942 3497 1063 3558 apinam.
1095 3497 1227 3545 Enimvero
1248 3495 1298 3545 nisi
1313 3497 1375 3558 ¹opi·

326 3561 698 3624 Aazeig.a.17722ugahep.
713 3559 768 3620 134)
783 3560 827 3608 Vi·
869 3561 967 3610 aionem
987 3562 1040 3622 jam
1062 3561 1146 3610 animo
1166 3560 1268 3610 insitam
1291 3561 1323 3608 ad
1344 3575 1376 3609 aa

325 3629 350 3678 di
370 3628 467 3676 Wucm.
483 3627 601 3690 Miiford,
617 3625 826 3688 elegantissimum
868 3625 1060 3684 tornatilibus,
1077 3625 1119 3674 vix
1138 3625 1165 3674 in
1181 3625 1255 3674 talem
1273 3631 1374 3674 maten·

326 3694 469 3754 scriptorem
481 3693 598 3740 hirtum
612 3691 742 3750 Graeciae,
755 3691 828 3738 New-
868 3693 928 3739 tiam
948 3691 1094 3752 descendam
1112 3697 1163 3738 tum
1182 3689 1221 3738 vir
1241 3690 1373 3752 sagacissi-

326 3759 427 3808 toniana
443 3755 569 3819 iiypothesi
586 3771 668 3814 usum,
682 3755 709 3803 in
725 3755 827 3803 eandem
867 3769 922 3804 mus
942 3755 1007 3804 haud
1029 3755 1211 3813 animadvertit,
1228 3765 1282 3804 sese
1297 3755 1374 3802 imru·

325 3824 445 3876 rationem
462 3821 577 3869 incidisse
592 3820 647 3867 Vol.
663 3821 675 3868 1
692 3835 715 3880 p.
729 3819 784 3867 16⁰.
801 3826 829 3867 ut
867 3835 947 3869 meras
961 3821 988 3868 in
1002 3819 1156 3868 difficultates
1172 3820 1249 3868 altera
1260 3833 1292 3868 ex
1303 3827 1375 3881 perte

326 3897 384 3938 nate
394 3887 580 3944 Heraclidamm
592 3884 827 3944 DorumqueinPe·
867 3884 1024 3947 implicitum,
1047 3885 1111 3946 quod
1133 3884 1296 3945 scatiet‚-qui
1317 3883 1374 3945 ejus

324 3954 484 4016 loponnesum
494 3949 684 3999 incursationem
693 3949 827 3997 Homerum
852 3949 991 4011 opinionis
1013 3950 1117 3998 tuendae
1141 3956 1222 4011 partes
1249 3949 1384 4009 suscipere,

324 4019 415 4067 vixisse
431 4032 462 4064 ex
479 4031 508 4064 eo
525 4014 572 4064 sibi
589 4015 752 4076 persuaderet,
763 4015 827 4074 quod
866 4014 1145 4078 volet‚quandoquidem
1157 4015 1187 4062 ab
1198 4013 1298 4074 reliquis
1308 4019 1373 4060 tem·
1391 4025 1396 4032 ⁴

308 4087 314 4093 “
325 4083 417 4145 alioqui
427 4088 540 4130 evenmm
551 4081 597 4128 hoc
606 4085 659 4126 tam
670 4077 827 4126 memorabile
866 4093 953 4142 porum
970 4081 1073 4128 istorum
1094 4079 1187 4127 notitiis
1204 4085 1229 4126 et
1248 4078 1279 4125 ab
1301 4077 1373 4126 omui

325 4148 415 4196 alicubi
424 4151 602 4194 memoraturus
612 4144 712 4202 fuisset;
723 4141 748 4190 iu
759 4143 828 4189 auxi·
867 4145 1021 4209 antiquitatis
1042 4143 1142 4194 notione
1163 4157 1261 4206 prorsus
1281 4141 1387 4192 abhor·.

325 4214 385 4262 lium
403 4211 505 4260 advocat
518 4225 600 4260 versus
618 4207 761 4270 Homericos
778 4207 826 4255 Od.
867 4216 912 4258 ret.

325 4285 354 4325 a.
365 4278 422 4326 351.
444 4283 475 4326 Θ.
486 4277 541 4326 578.
570 4276 601 4325 11.
613 4283 637 4324 Β.
648 4273 704 4324 486.
729 4279 758 4321 τ.
769 4271 827 4320 308.
