2998 5052
313 376 379 442 206
673 373 925 440 EXCURSUS
949 373 978 474 l

311 547 520 637 intelligitur3
541 569 638 636 quan
651 548 685 612 in
699 545 833 612 dialecto
846 550 952 612 tamen
967 544 1193 633 interpolatum
1206 567 1275 610 esse
1294 543 1361 634 jam

312 636 469 704 monitrun
482 651 551 710 sst;
574 659 615 700 ea
630 635 737 700 Ctesia
750 657 833 722 quae
846 633 1018 704 laudantur
1031 656 1052 696 a
1066 633 1275 711 Photio,.non
1290 635 1363 698 Cte-

312 723 388 803 stne,
407 719 464 788 sed
481 721 590 786 Photii
609 721 714 788 verbis
735 735 956 810 exponuntur;
980 720 1024 785 ait
1038 721 1145 785 tamen
1163 719 1216 784 hic
1229 719 1264 784 in
1278 719 1363 808 prin-

311 810 406 898 cipio,
420 808 477 874 ubi
494 809 536 874 de
555 808 674 874 Indicis
695 831 868 874 memorare
889 806 1030 888 orditur:
1055 806 1179 886 Κτησίαν
1200 811 1241 872 τὰ
1258 807 1363 872 Ἰνδικά

313 897 390 962 ἔστιν
403 899 434 988 *ir
448 895 484 962 tvl
496 895 617 977 βιβλίω,
631 899 659 961 ἓν
673 897 710 972 οἷς
724 897 836 978 abac
850 893 957 978 leriga.
1002 895 1119 982 Itaque
1136 895 1172 958 in
1184 892 1364 982 Assyriacis

312 998 345 1058 et
367 982 501 1050 Persicis
519 982 561 1047 ab
581 961 690 1048 ionica
703 981 836 1048 dialecto
854 981 1052 1069 aliquantum
1073 994 1250 1046 recesserat.
1296 981 1364 1045 Nec

311 1093 388 1136 vero
407 1069 468 1134 nisi
490 1082 668 1157 temporum
696 1091 875 1158 progressu,
901 1091 1012 1134 norma
1032 1067 1139 1156 aliqua
1158 1067 1365 1155 pammatica

312 1155 438 1224 dialecti
452 1155 579 1221 Ionicae
591 1155 763 1222 constituta
775 1171 833 1236 est,
849 1179 908 1220 nec
921 1155 980 1225 nisi
995 1155 1169 1220 secundum
1184 1153 1361 1243 scriptores,

312 1243 382 1310 e‘us
402 1242 530 1308 dialecti
548 1241 715 1332 principes,
735 1255 768 1308 et
785 1266 806 1306 a
825 1241 1048 1332 grammaticis,
1068 1241 1187 1330 quibua
1209 1240 1364 1306 dialectus

314 1269 423 1396 lbnica
435 1352 500 1394 non
521 1343 590 1394 erat
610 1353 713 1396 sermo
730 1329 873 1418 patrium
897 1353 955 1395 nec
974 1329 1051 1394 alios
1064 1329 1124 1394 hos
1137 1352 1203 1394 esse
1217 1328 1363 1394 existimo

312 1440 410 1506 quam
432 1416 650 1504 gramatieoe
679 1416 921 1482 Alexandrinos.
965 1415 1192 1482 Adstrictiores
1215 1414 1293 1480 inde
1314 1415 1363 1480 bis

311 1503 434 1592 legibus
447 1505 579 1570 fuerunt
601 1503 635 1583 ii,
650 1505 708 1593 qui
726 1504 825 1570 serius
845 1503 953 1572 Ionice
967 1503 1128 1591 scripsere,
1143 1516 1181 1568 ut
1203 1505 1362 1568 Aretaeus

312 1591 500 1744 ffipgdop,
519 1589 735 1742 islippocrstis.
746 1590 835 1657 haud
857 1589 954 1684 dubie
974 1589 1124 1670 imitator,
1139 1605 1172 1655 et
1194 1603 1307 1655 auctor
1328 1589 1363 1654 li·

423 1702 441 1744 e
478 1701 517 1742 ea
798 1731 803 1738 .
904 1730 907 1738 .
1255 1733 1259 1736 .

326 1823 328 1828 .
355 1767 438 1830 Sane
451 1701 664 1852 quidemyntbta
676 1764 753 1830 haec
767 1763 941 1854 disputatio
950 1765 1094 1852 profecta
1102 1778 1150 1829 est
1163 1787 1184 1829 a
1197 1776 1264 1828 tam
1274 1763 1361 1828 exili·

311 1851 372 1916 bus
386 1863 419 1916 et
432 1852 591 1930 tenuibus,
602 1851 767 1918 ut'vcrear
780 1851 907 1932 assint,
923 1852 979 1939 qui
993 1875 1045 1917 me
1058 1851 1192 1916 nimium
1205 1873 1360 1940 gramma-

311 1937 381 2002 ticis
394 1939 526 2025 argutiis
535 1937 705 2004 indulsisse
718 1938 825 2008 dicant
838 1939 1004 2027 meamque
1017 1939 1206 2022 λεπολογίαν
1219 1937 1358 2012 rideant;

311 2037 443 2122 apparet
457 2037 563 2091 tamen
576 2049 616 2090 ex
634 2025 682 2105 iis,
698 2049 763 2125 quo
780 2027 917 2091 deducta
935 2038 982 2090 est
1000 2025 1031 2089 d'
1071 2025 1183 2103 uario,
1199 2024 1274 2089 satis
1292 2047 1361 2114 gra·
1447 2027 1449 2034 ⁴

311 2133 359 2174 vus
373 2111 523 2176 momenti
536 2134 586 2176 res
606 2135 679 2176 cum
693 2112 731 2177 irs
749 2136 814 2178 esse
836 2114 1029 2192 con'unctas,
1067 2135 1085 2176 e
1099 2111 1216 2199 quibus
1229 2135 1291 2200 pro
1304 2135 1360 2176 suo

311 2196 446 2285 quisque
460 2209 577 2263 statuet
591 2222 646 2264 seu
660 2199 764 2265 lubitu
779 2223 835 2264 seu
841 2137 971 2288 judicio.

313 2511 357 2642 J
464 2521 783 2605 excursus
814 2524 901 2606 nn
935 2455 1125 2606 lirun.
1155 2539 1198 2606 ψ.

690 2753 974 2805 ...φ-...-

657 2924 939 2990 EXCURSUS
971 2925 999 2990 1.

323 3041 467 3110 Satanae
480 3041 740 3126 interpretationis
754 3051 785 3105 et
800 3042 922 3106 criticae
935 3065 976 3106 ex
987 3043 1194 3130 grammatica
1209 3043 1338 3124 Homeri

312 3155 318 3216 j
734 3125 923 3211 imperfecta.
1241 3199 1245 3208 .

350 3246 386 3304 Ψ.
414 3243 468 3305 84.
492 3242 559 3304 ἀλλ’
586 3244 653 3322 ὁμοῦ
678 3242 714 3313 ὣς
738 3239 901 3326 ἐτράφημεν.
939 3241 1112 3307 Aeschines
1134 3240 1168 3306 in
1193 3265 1252 3307 suo
1278 3241 1358 3310 libro

306 3325 516 3400 hauddubie
544 3323 658 3389 nostris
683 3323 859 3411 antiquiore
883 3326 1020 3415 legerat:
1045 3327 1080 3405 ὥς
1106 3334 1172 3408 ὁμοῦ
1194 3331 1356 3417 ἐτρᾶφεμεν.

308 3411 515 3478 Homericam
529 3411 712 3491 orationem,
727 3433 801 3475 cum
815 3423 881 3477 tam
900 3413 1008 3502 polita,
1024 3437 1190 3480 numerosa
1202 3429 1235 3480 et
1254 3419 1359 3482 suanis

307 3499 358 3579 sit,
374 3521 506 3588 arguere
520 3519 614 3564 usum
633 3497 806 3564 multorum
820 3511 998 3589 temporum
1012 3515 1045 3568 et
1065 3501 1238 3567 multorum
1258 3503 1358 3569 horni-

307 3609 396 3666 nuus,
412 3586 468 3676 qui
486 3587 558 3675 ejus
573 3596 706 3650 aetatem
728 3585 912 3676 antecedere
933 3588 1089 3669 debuerit,
1112 3588 1172 3653 viri
1193 3587 1280 3656 docti
1298 3591 1357 3656 du-

306 3672 385 3740 dum
413 3686 626 3748 monuerunt3
652 3671 764 3738 debuit
791 3671 860 3761 ipsa
883 3676 1098 3762 pronuntiatio
1121 3675 1189 3762 jam
1217 3677 1356 3742 multum

306 3759 445 3826 emollita
466 3783 542 3839 esse,
564 3771 734 3848 antequam
755 3783 787 3825 v.
811 3782 837 3825 c.
863 3783 902 3826 ex
925 3764 1030 3849 φρενσὶ,
1052 3763 1141 3850 φρεσὶ,
1167 3785 1207 3828 ex
1231 3762 1355 3844 draarr,

305 3845 457 3926 dtaamm,
471 3846 655 3935 procederet
675 3844 758 3927 ἅναξ,
773 3845 914 3924 drumm
938 3869 978 3912 ex
998 3853 1096 3929 calm,
1111 3849 1191 3928 ardre,
1212 3854 1291 3925 πᾶςς
1315 3873 1354 3916 ex

305 3936 416 4015 dulim,
433 3934 517 4012 δόντς,
532 3933 622 3997 fieret
643 3932 738 4012 διδοὺς,
761 3932 837 4009 δούς;
861 3933 974 4014 radiare,
990 3935 1117 4014 τιθέντος,
1140 3936 1231 4014 τιθεὶς,
1253 3948 1287 4000 et
1311 3937 1353 4002 sic

304 4043 408 4108 porro.
453 4019 581 4085 Habuit
594 4041 670 4084 vero
682 4017 792 4107 lingua
807 4020 931 4086 Graeca
948 4020 1030 4086 hanc
1043 4022 1202 4087 fortunam
1216 4020 1354 4111 singula-

305 4129 373 4172 rem
387 4120 424 4174 ut
438 4129 492 4191 per
506 4107 641 4172 waninc
655 4105 696 4170 ab
708 4104 800 4171 initio
817 4106 923 4178 statim
937 4107 1141 4188 excoleretur,
1156 4120 1189 4173 et
1211 4109 1273 4174 hoc
1285 4110 1353 4200 qui-

304 4193 377 4260 dem'
398 4217 456 4284 per
480 4192 608 4258 saecula
621 4191 741 4286 multa,
758 4193 927 4282 antequam
948 4195 1103 4295 pedestris
1126 4195 1226 4260 oratio
1249 4193 1351 4263 ullum

304 4280 427 4358 cultum
440 4281 593 4369 acciperet
603 4303 614 4361 ς
636 4277 710 4346 hinc
723 4279 974 4370 incomparabihs
986 4280 1040 4347 illa'
1053 4281 1188 4348 suavius
1201 4295 1235 4348 et
1247 4281 1352 4350 dulae

304 4367 360 4456 dc,
382 4387 590 4435 consonarum
614 4365 780 4454 asperitate
805 4367 954 4450 emollita,
977 4368 1130 4434 ¹vocalium
1151 4381 1349 4437 autemcon-
