2998 5052
303 312 367 376 wll
685 307 938 372 EXCURSUS
964 313 967 322 “

302 489 402 563 erant,
421 481 557 570 sequuti,
576 479 669 546 etiam
689 480 762 558 hoc,
781 493 819 545 ut
839 478 910 557 alia,
928 477 970 544 ad
989 476 1135 544 Atticum
1147 483 1287 558 morem,
1304 486 1355 543 ress

303 569 474 648 tinxerunt,
497 567 597 634 Ionici
618 567 713 632 moris
734 565 834 632 obliti.
878 567 940 632 Est
958 565 1019 630 hoc
1037 563 1130 643 illud,
1146 565 1234 652 quod
1248 579 1281 630 et
1293 573 1353 630 'no-

304 654 453 726 stratibus
473 653 567 744 patrii
589 653 739 719 sermonis
760 652 834 719 satis
854 651 960 740 girarm
982 650 1121 718 accidere
1143 651 1231 732 solet,
1247 666 1286 717 ut
1304 676 1353 716 se-

304 765 441 834 quamur
455 741 614 821 sollennia,
629 764 711 828 quae
725 738 928 841 grammatica
941 738 1076 804 severior
1090 738 1259 804 damnavit
1302 740 1356 804 Ut

305 841 511 920 augmentum
532 828 565 892 in
586 827 763 893 dramaticrs
784 825 883 914 magis
904 827 1166 914 frequentaretur,
1189 824 1355 891 necessita

305 931 370 986 tem
390 917 507 982 fecerat
528 937 605 980 usus
624 915 820 992 lamborum,
836 911 892 1001 qui
911 913 976 979 sine
997 926 1168 1000 augmento
1181 912 1353 978 verborum

305 1004 360 1070 vix
374 1004 455 1068 bene
468 1001 635 1090 procedere
649 1013 798 1090 possunt;
814 1000 922 1088 itaque
933 999 1015 1065 illud
1029 998 1174 1086 Tragici·
1187 997 1291 1064 visum
1305 1008 1355 1064 est

306 1104 372 1157 tam
420 1089 562 1177 roprium
587 1111 622 1154 ac
647 1087 865 1167 necessarium,
892 1101 930 1153 ut
953 1085 1013 1151 viri
1039 1085 1123 1150 docti
1147 1084 1181 1149 in
1207 1082 1354 1174 Tragicis

194 1191 199 1206 ⁸
307 1113 509 1246 emendandis
528 1175 671 1264 occupati
690 1173 770 1240 illud
806 1197 923 1262 noque,
939 1172 1062 1262 quoties
1081 1171 1212 1251 deesset,
1226 1172 1354 1238 restitu-

307 1263 425 1330 endum
440 1287 505 1328 esse
518 1274 678 1352 putarent,
696 1287 726 1326 v.
745 1285 771 1326 c.
784 1198 929 1326 (brunuli.
946 1260 988 1326 ad
1005 1259 1145 1325 Bacchas
1166 1261 1253 1324 1123
1267 1272 1300 1324 et
1313 1259 1354 1324 al.

307 1350 387 1416 adeo
401 1349 469 1438 ejus
483 1347 608 1415 omissio
622 1349 789 1416 abhorrere
803 1347 970 1414 videbatur
986 1357 1009 1412 'a
1026 1345 1156 1410 sollenni
1170 1369 1266 1412 more.
1312 1347 1354 1412 In

307 1447 444 1504 mentem
459 1436 552 1502 etiam
566 1435 653 1501 venit
671 1435 745 1500 viris
764 1434 874 1515 doctis,
890 1458 929 1500 an
953 1446 1101 1524 praestet,
1116 1432 1216 1498 vocali
1235 1433 1269 1498 in
1292 1435 1356 1500 fine

306 1525 391 1590 vocis
404 1523 615 1590 antecedentis
628 1522 713 1604 elisa,
724 1521 830 1611 potius
845 1536 980 1588 statuere
994 1519 1105 1586 elisum
1120 1544 1185 1586 esse
1194 1531 1356 1608 augmen·

290 1624 377 1678 ‘tum
394 1611 479 1677 vocis
502 1611 669 1700 sequentis,
689 1623 721 1676 et
739 1609 808 1698 ejus
827 1609 985 1676 elisionem
1009 1607 1098 1696 signo
1117 1607 1207 1672 solito
1224 1617 1353 1682 notare;

307 1722 337 1763 v.
350 1723 376 1765 c.
392 1703 464 1764 τοῦτ’
480 1701 548 1764 αὐτὸ
561 1701 684 1787 ’χρῇζον.
707 1720 771 1763 non
785 1699 852 1763 αὐτό
865 1701 980 1786 χρῇζον.
1003 1694 1060 1759 etsi
1070 1693 1155 1760 hoci
1194 1718 1249 1760 um
1263 1694 1355 1762 scribi

308 1791 436 1938 Ἠιοφίε
463 1798 587 1873 poterat
615 1788 689 1849 τοῦτ’
712 1782 773 1850 αὕτ’
803 1783 928 1872 ἔχρῃζον·
960 1780 1104 1870 Sophocl.
1135 1718 1252 1848 ‘lprsacb
1281 1786 1355 1848 408„

346 1873 460 1938 abeant
481 1896 513 1936 se
533 1873 611 1936 haec
631 1885 728 1960 prout
749 1871 883 1960 quisque
905 1867 1060 1949 statuerit,
1079 1867 1113 1932 in
1135 1867 1274 1945 Atticis;
1298 1893 1355 1936 nos

308 1958 432 2060 agimus
454 1957 494 2023 de
517 1958 778 2048 lonicaantiqua
791 1958 922 2038 ratione,
937 1971 969 2023 et
986 1978 1059 2022 cum
1078 1955 1215 2023 maxime
1234 1959 1356 2022 Home-

308 2067 383 2112 noa.
420 2045 584 2110 Debebam
598 2046 681 2112 forte
695 2045 799 2110 statim
814 2045 848 2110 in
860 2044 970 2134 primis
984 2041 1094 2110 Iliadis
1107 2043 1249 2110 versibus
1263 2044 1355 2110 edere

308 2129 406 2218 ἄλγεα
420 2133 492 2211 θῆκε,
509 2146 546 2197 ut
568 2132 626 2197 scri
650 2132 676 2196 si
689 2141 734 2198 vs'.
755 2135 797 2197 15
807 2133 864 2197 ,nal
882 2131 1008 2210 λίσσετο,
1024 2142 1056 2194 et
1079 2129 1112 2194 in
1131 2153 1194 2218 seq.
1220 2129 1303 2198 libro
1318 2132 1355 2196 X

308 2241 354 2282 vs,
371 2220 435 2283 422
447 2218 579 2301 μάλιστα
594 2221 615 2282 δ’
631 2220 690 2301 sual
705 2219 765 2305 περὶ
777 2217 888 2283 ’πάντων
909 2216 1005 2304 ἄλγεα
1020 2219 1093 2294 θῆκε.
1108 2224 1191 2286 Μ’.
1209 2220 1275 2289 497
1286 2217 1355 2306 diu·

309 2313 350 2388 φἀι
363 2305 393 2368 δὲ
406 2309 498 2370 λεπταὶ
512 2305 633 2391 γένοντο,
648 2329 693 2370 VS.
706 2304 777 2386 945}
793 2332 824 2370 ur
839 2304 938 2388 δᾶμην.
955 2316 986 2369 et
1000 2303 1043 2368 sic
1057 2301 1180 2370 centies·

353 2393 421 2456 Nec
442 2405 559 2472 tamen,
581 2392 669 2480 quod
690 2415 747 2480 per
766 2417 799 2458 se
820 2390 1016 2479 intelligitur,
1038 2404 1208 2479 augmenta
1228 2394 1357 2460 omnino

308 2477 439 2544 exulant
452 2479 587 2544 carmine
600 2501 658 2544 nec
677 2479 804 2546 exulare
818 2491 967 2570 possunt;
991 2491 1101 2542 contra
1112 2501 1187 2543 vero
1207 2481 1358 2570 suspicari

204 2651 206 2654 Ι
308 2564 390 2644 licet,
406 2589 427 2630 a
443 2566 543 2653 poetis
565 2565 715 2654 primum,
731 2579 832 2631 metro
854 2564 1015 2644 suadente,
1037 2577 1176 2630 assumta
1198 2590 1265 2640 esse
1280 2591 1358 2657 aug-

309 2665 426 2734 menta,
450 2664 483 2715 et
506 2650 580 2716 inde
604 2651 637 2716 in
659 2651 822 2740 vulgarem
842 2675 886 2740 qu
929 2675 970 2717 ue
993 2674 1166 2716 sermonem
1190 2654 1357 2720 transiisse.

310 2740 367 2803 An
388 2761 463 2802 vero
484 2737 553 2837 lege
571 2737 686 2826 aliqua,
702 2753 744 2820 et,
768 2761 905 2828 quanam
938 2761 1006 2828 ege,
1019 2738 1053 2803 in
1072 2737 1195 2828 vulgari
1217 2741 1358 2809 oratione

299 2823 405 2891 -modo
426 2824 614 2903 adhibitum,
636 2825 731 2891 modo
748 2826 927 2926 neglectum
945 2825 1042 2890 fuerit
1065 2839 1283 2914 augmentum,
1305 2830 1358 2896 vix

309 2911 451 3000 expediri
472 2925 587 3001 potest,
610 2912 879 3002 quandoqmdem,
927 2910 983 2978 uid
1006 2911 1205 2978 librariorum
1233 2913 1360 2982 licentia

281 3029 284 3036 ¹
309 2999 450 3086 mutarit,
466 3022 529 3070 non
552 3000 675 3088 assequi
698 3023 874 3088 possumus.
940 3022 962 3063 n
982 2998 1053 3088 Hip
1148 3000 1215 3086 ticis
1229 3003 1360 3094 scriptis

309 3084 497 3176 plerumque
517 3101 724 3174 augmentum
746 3100 793 3152 est
814 3100 995 3174 receptum:
1020 3023 1248 3175 &spicari
1273 3089 1357 3172 licet,

311 3171 463 3238 seriorum
482 3173 645 3238 hominum
667 3197 727 3258 usu
750 3172 785 3238 id
806 3173 924 3238 factum
952 3197 1025 3239 esse.
1072 3175 1166 3239 Certe
1187 3187 1313 3264 poetae,
1328 3192 1359 3244 et

312 3260 417 3339 Iones,
444 3271 476 3323 et
500 3281 610 3324 comm
631 3259 910 3348 exemploAttici,
931 3261 1111 3360 praefigunt
1139 3278 1357 3351 augmentum,

311 3344 405 3411 etiam
423 3345 457 3409 in
482 3345 531 3425 iis,
545 3345 580 3410 in
601 3347 717 3434 quibus
731 3347 829 3436 vulgo
847 3347 965 3412 omittu
985 3347 1126 3436 prosaica
1145 3349 1265 3426 oratio;
1291 3376 1321 3416 v.
1332 3377 1357 3418 c

311 3432 437 3519 ὕωνοχόει
467 3439 503 3496 Δ.
527 3433 557 3497 8ss
585 3433 673 3521 quod
694 3435 807 3522 ᾠνοχόει
832 3433 907 3499 alibi
936 3446 994 3514 est,
1018 3431 1201 3524 interposito
1230 3455 1359 3527 quoque

310 3497 470 3607 digamma
491 3519 729 3607 pronuntiatum
745 3525 913 3608 sfatroxou,
928 3533 966 3585 ut
987 3520 1057 3607 alia,
1098 3545 1156 3586 uae
1174 3523 1207 3587 in
1226 3521 1358 3592 recensu

311 3605 503 3704 signatarum
518 3605 971 3696 digammovocum'vidimum
996 3545 1359 3696 quandoquidemetiam

311 3691 389 3757 aliae
404 3715 495 3780 voces
508 3693 648 3775 fuerunt,
665 3694 782 3783 quibus
797 3723 809 3758 ε
823 3695 989 3794 praefixum
1014 3709 1071 3770 est,
1086 3709 1124 3761 ut
1138 3701 1233 3778 κεῖνος,
1251 3703 1358 3777 ἐκεῖνος·

310 3779 396 3844 unde
418 3793 560 3868 apparet,
575 3781 727 3870 proclives
746 3783 888 3851 hommes
902 3781 998 3846 fuisse
1015 3781 1056 3846 ad
1071 3781 1132 3847 tale
1151 3799 1359 3872 augmentum

310 3867 440 3933 vocibus
459 3867 708 3967 praefigendum.
753 3871 827 3934 Hoc
842 3882 946 3934 tamen
965 3869 998 3933 in
1019 3865 1249 3936 dubitationem
1269 3893 1359 3954 voco,

305 3975 351 4032 ¹uu
373 3965 468 4018 statu1
490 3967 598 4041 possit,
618 3968 734 4020 temere
755 3968 787 4020 st
808 3979 867 4043 pro
888 3955 993 4021 lubitu
1011 3969 1131 4021 veteres
1152 3957 1359 4046 augmentum

310 4039 503 4128 praemisisse
517 4040 567 4106 vel
586 4041 724 4106 omisisse
739 4067 748 4116 3
773 4041 861 4130 quod
879 4042 1023 4107 statuisse
1037 4042 1129 4108 video
1146 4043 1231 4110 viros
1249 4044 1359 4112 doctos

310 4139 342 4192 et
359 4127 427 4218 jam
442 4125 516 4192 olim
535 4128 775 4217 gmmmaticum
789 4143 927 4193 veterem
941 4128 982 4194 ad
1002 4129 1101 4194 Catal.
1118 4131 1200 4196 Nav.
1216 4133 1282 4200 315
1302 4134 1357 4218 (ΙΙ.

312 4215 347 4276 B.
364 4214 535 4304 808)yalda
551 4216 578 4278 δὲ
594 4216 658 4280 λῦσ’
674 4216 786 4302 ἀγορήν.
803 4213 857 4280 ubi
873 4214 1008 4293 aliialda
1024 4218 1050 4280 δ’
1063 4216 1139 4282 ituc’
1149 4221 1262 4308 ἀγορήν.
1278 4219 1360 4310 lege

310 4314 390 4367 rant.
406 4305 516 4366 contra
530 4314 666 4368 statuere
684 4301 767 4383 licet,
783 4301 937 4392 principio
955 4327 974 4370 a
988 4304 1088 4392 poetis
1102 4328 1165 4374 non
1186 4303 1355 4375 admissum
