2998 5052
511 359 580 424 AD
603 357 752 425 ILIAD.
774 364 817 425 st
1005 381 1011 398 ⁸
1123 361 1189 430 Μ

143 533 225 590 ctam
246 525 371 608 habeas,
393 528 577 620 intentoque
598 531 704 599 studio
724 555 902 634 compares;
926 531 1003 598 haec
1020 531 1045 597 si
1064 516 1185 614 feceris,

142 610 320 680 innumeras
347 614 459 704 utique
487 619 601 685 exoriri
630 619 742 684 senties
775 619 973 686 drffiurltates
1000 633 1033 685 et
1060 619 1186 686 dubita-

141 697 259 776 tiones;
283 701 342 768 hoc
356 717 462 770 autem
475 705 543 770 fieri
556 729 621 772 non
634 706 750 794 potuit,
764 705 824 772 nisi
844 731 883 772 ex
898 729 964 796 quo
977 705 1183 794 antiquitatis,

139 784 282 873 inprimis
296 790 458 871 Graeciae,
474 792 585 859 notitia
598 794 638 859 ad
654 793 820 859 severiores
834 794 970 860 rationes
982 793 1095 882 judicii
1110 795 1184 860 sub-

140 871 202 936 acti
221 889 374 957 revocata,
389 877 558 968 criticeque
576 880 777 959 historiarum
797 877 1072 960 subtilissimum
1089 903 1183 946 suum

136 956 171 1022 in
192 959 367 1029 litterarum
389 965 501 1031 studiis
522 967 695 1056 occupavit.
741 969 836 1032 Nunc
860 967 943 1032 enim
968 981 1000 1033 et
1024 967 1184 1034 hebraico-

136 1067 210 1112 rum
225 1048 521 1138 antiquissimorum,
537 1067 569 1120 et
584 1077 780 1144 graecorum,
795 1055 947 1120 librorum
966 1054 1183 1120 auctoritatem

134 1133 335 1285 persidentius,
358 1163 454 1227 quarn
475 1162 496 1205 a
515 1143 687 1232 majoribus
707 1141 821 1208 nostris
841 1142 973 1222 iactum,
995 1142 1182 1208 constituere

179 1308 235 1373 Ex
272 1334 315 1375 uo
329 1324 434 1378 autern
449 1325 589 1403 tempore
603 1328 709 1380 nostra
725 1327 810 1380 aetas
824 1314 1038 1404 quaestionem
1057 1315 1098 1380 de
1113 1317 1183 1380 Ho-

135 1415 224 1460 mero
284 1400 486 1490 omericisque
507 1402 696 1467 carminibus
717 1402 835 1491 agitare
856 1401 969 1501 coepit,
985 1401 1100 1490 partim
1120 1401 1182 1468 dia-

181 1483 260 1548 tatio
274 1507 294 1549 a
306 1485 474 1554 levioribus
487 1489 646 1578 processit,
659 1489 773 1578 partim
788 1513 826 1554 ea
837 1489 938 1554 haesit
950 1487 984 1553 in
998 1488 1046 1568 iis,
1057 1487 1098 1554 de
1113 1487 1183 1576 qui-

159 1591 198 1650 us
211 1569 244 1634 in
260 1583 426 1662 utramque
580 1599 648 1665 pan
666 1577 740 1666 jure
754 1576 837 1642 disce
861 1576 919 1641 tari
933 1575 1042 1663 possit,
1057 1585 1123 1655 aut,
1139 1576 1181 1642 ab

134 1653 277 1723 obscuris
297 1659 330 1724 et
349 1589 620 1751 neqffibus
636 1675 762 1744 exorsa,
773 1599 935 1752 expiisrata
950 1663 1024 1728 inde
1042 1685 1080 1728 ac
1097 1675 1183 1728 certa

133 1743 269 1828 proferri
290 1769 379 1834 posse
424 1749 534 1815 utavit.
581 1749 696 1816 Malim
717 1750 864 1840 equidem
878 1773 898 1816 a
913 1748 1005 1816 certia
1024 1761 1056 1814 et
1073 1749 1182 1837 explo

133 1829 210 1894 r'atis
224 1853 354 1920 pergere
422 1835 559 1913 incerta3
582 1837 763 1926 posthabita
775 1837 861 1904 omni
875 1837 1056 1926 quaestione
1070 1835 1179 1916 otiosa,

132 1937 253 2066 ponere
276 1936 433 1988 momenta
455 1947 561 1990 rerum
586 1923 719 2013 potiora,
741 1947 852 2014 eaque,
874 1937 1030 2014 quantum
1051 1921 1180 2011 quidem
1220 1957 1222 1962 ·

121 2023 123 2030 ⁴
155 2004 201 2068 eri
217 2017 331 2093 potest,
345 2007 391 2074 ita
404 2009 604 2091 constituere,
619 2025 657 2077 ut
670 2011 708 2078 iis
721 2012 842 2102 reliqua
878 2011 1058 2076 robabiliter
1072 2031 1180 2098 super-

133 2090 213 2156 strui
239 2108 364 2192 queant
409 2099 521 2178 Porro,
548 2098 694 2164 subtilius
717 2123 813 2188 quam
902 2122 942 2164 uc
969 2097 1089 2162 factum
1114 2119 1181 2161 esse

131 2175 210 2258 vidi,
228 2179 466 2249 drsoernendum
486 2209 552 2252 esse
570 2197 651 2274 puto
667 2186 749 2252 inter
767 2197 934 2265 momenta,
950 2196 1137 2272 argumenta
1149 2197 1181 2248 et

131 2265 285 2347 subsidia,
301 2269 417 2355 quibus
435 2271 476 2336 ad
498 2272 712 2361 quaestionem
734 2273 913 2338 solvendam
935 2271 1090 2336 utendum
1112 2281 1178 2345 est;
1238 2337 1244 2346 Κ

132 2363 209 2418 sunt
222 2354 307 2420 enim
322 2380 358 2421 ea
372 2357 486 2424 diversi
500 2359 636 2448 genesim
654 2359 753 2425 omnis
767 2359 886 2448 quippe
900 2358 940 2422 de
956 2355 1133 2422 Homericis
1147 2369 1179 2421 et

132 2438 173 2504 de
188 2441 334 2507 Homero
347 2445 488 2534 quaestio
502 2445 618 2536 partim
633 2445 772 2512 historici
786 2445 907 2534 generis
921 2455 978 2523 est,
994 2456 1026 2508 et
1040 2466 1079 2507 ex
1093 2442 1179 2542 prin-

58 2522 71 2539 ‘
130 2525 221 2627 cipiis
235 2528 359 2596 criticae
372 2531 536 2598 historicae
551 2532 770 2622 dijudicanda3
792 2531 906 2620 partim
920 2529 1126 2620 grammatica
1142 2540 1180 2600 ut

130 2613 257 2680 cnteria
278 2615 465 2718 colligantur
483 2621 657 2686 carminum
680 2631 748 2685 turn
768 2619 985 2697 intematum
1005 2628 1143 2694 externa,
1160 2639 1178 2680 e

130 2701 250 2790 quibus
272 2703 424 2770 ‘udicrum
445 2699 607 2796 probabile
628 2703 696 2772 fieri
715 2705 832 2794 possin
856 2703 1041 2794 paucissima
1054 2703 1118 2772 fide
1131 2702 1179 2766 hi-

131 2788 256 2870 storica,
266 2727 302 2856 b.
319 2815 346 2856 e.
362 2793 549 2884 scriptorum
571 2792 634 2860 fide
656 2805 740 2859 certa
761 2806 794 2857 et
814 2791 999 2858 auctoritate
1020 2790 1177 2870 nituntur,

128 2875 268 2964 plurima
282 2878 515 2979 sagacijudicio
528 2881 569 2946 de
583 2903 689 2946 rerum
711 2891 907 2945 narratarum
926 2877 1043 2956 indole,
1058 2887 1178 2964 tempo-

129 2985 203 3029 rum
218 2965 403 3047 rationibus,
419 2980 451 3032 et
465 2991 504 3032 ex
518 2967 588 3058 ipso
602 2966 737 3033 carmine
752 2979 826 3031 sunt
839 2965 996 3031 elicienda.

174 3051 271 3130 Quod
285 3067 392 3118 autem
407 3065 471 3119 tarn
486 3077 555 3120 sero
567 3053 602 3120 in
615 3053 697 3120 hanc
707 3053 919 3142 quaestionem
933 3051 1103 3148 deventum
1118 3056 1176 3127 est,

129 3159 194 3203 non
212 3151 259 3206 est
277 3140 475 3215 mirandumr
499 3142 615 3232 partim
637 3141 721 3206 enim
743 3139 901 3230 superiore
922 3150 1023 3204 aetate
1037 3154 1177 3200 virorum

128 3223 296 3291 doctorum
310 3229 470 3316 persuasio
485 3243 516 3294 et
529 3227 698 3295 auctoritas
713 3225 944 3312 verecundiam,
953 3221 1177 3324 nonnullorum

129 3335 175 3400 qu
218 3337 260 3378 ue
281 3313 481 3406 supercilium
504 3329 635 3396 metum,
658 3313 815 3380 iniciebat
835 3312 883 3394 iis,
899 3311 954 3402 qui
974 3310 1008 3378 in
1030 3323 1176 3400 antiqua-

127 3409 202 3465 rum
230 3399 393 3468 'tterarum
407 3403 512 3468 studio
526 3425 546 3468 a
560 3333 750 3468 sollennibus
771 3399 914 3467 formulis
935 3412 967 3465 et
982 3397 1110 3489 Judiciis
1132 3395 1178 3460 di·
1245 3459 1249 3468 ,

128 3509 221 3553 versa
241 3489 327 3577 apud
350 3491 382 3554 s'e
402 3489 598 3565 statuebant;
617 3489 737 3641 partim
760 3487 899 3554 studium
915 3485 1121 3583 Homericum
1140 3503 1178 3547 us

127 3571 206 3662 ipsis
221 3577 425 3664 temporibus,
441 3577 558 3665 quibus
572 3577 616 3666 ph
640 3577 760 3665 ologiae
775 3590 806 3641 et
820 3575 944 3640 criticae
957 3583 1178 3662 grammatrcae

128 3661 236 3727 studia
249 3686 346 3751 quam
367 3665 501 3728 maxime
520 3663 680 3754 vigebant,
700 3685 863 3762 nunqnam
884 3660 1102 3726 auctoritatem
1122 3656 1178 3723 ha-

127 3745 295 3829 buiteam,
312 3774 407 3850 quarn
422 3764 603 3840 expectares
617 3773 682 3816 esse
696 3748 859 3824 debulsse3
882 3748 989 3838 itaque
1007 3745 1085 3842 haec
1099 3766 1178 3832 quo-

128 3859 195 3922 que
209 3851 350 3924 quaestio
365 3839 404 3902 de
420 3835 599 3904 Homericis
620 3836 808 3903 carminibus
827 3859 890 3901 non
911 3855 1100 3932 magnopere
1122 3830 1178 3896 'do-

128 3937 254 3988 ctorum
274 3925 412 3990 virorum
434 3925 577 3991 acumine
594 3923 645 3990 vel
666 3921 821 3989 industria
842 3923 939 4014 digna
960 3945 1025 3988 esse
1039 3941 1105 3983 vrsa
1118 3929 1174 3980 est.

119 4009 223 4098 'Opus
238 4015 284 4076 es't
320 4011 485 4102 lerumque
505 4012 678 4078 multarum
698 4007 901 4077 fortuitarum
922 4029 1027 4074 rerum
1049 4025 1178 4074 concur-

129 4095 228 4176 sione,
249 4111 286 4163 ut
297 4033 470 4164 irominum
491 4098 616 4188 ingenia
638 4097 860 4174 convertantur
881 4093 922 4160 ad
943 4091 1073 4182 ahquid,
1089 4089 1177 4180 quoti

129 4193 206 4248 ante
229 4185 325 4274 pedes
349 4199 417 4251 erat
441 4184 601 4274 positum;
629 4185 654 4251 si
676 4185 769 4252 semel
790 4183 938 4272 ‘conuersa
958 4178 1086 4270 fuerint,
1109 4189 1177 4267 tan-

130 4291 229 4358 quam
245 4271 333 4360 signo
347 4271 433 4337 edito
446 4273 587 4340 certatim
602 4273 635 4338 in
649 4271 740 4353 illud,
752 4269 838 4362 quod
853 4278 917 4335 tarn
928 4266 984 4332 diu
999 4260 1176 4356 riegiectum

117 4369 211 4436 ‘erat,
223 4357 700 4447 involant-ingeniorum·studia.
781 4405 788 4414 -
1032 4379 1035 4386 '

630 4469 651 4509 n
667 4450 688 4509 4·
