2998 5052
309 346 376 413 aso
560 363 573 382 ··
669 320 994 412 excussusu.

297 522 458 610 ‘scripsere
478 517 771 672 carminasspique,
789 541 853 583 uon
874 539 982 584 omnes
1002 518 1175 607 rhapsodos
1196 517 1359 588 intentio

299 629 381 673 -nem
404 605 576 672 consentire
599 618 629 669 tr
671 605 813 680 'derant;
838 605 893 674 sed
917 627 1041 670 caussas
1067 606 1256 693 plerumque
1282 607 1359 670 affe-

307 707 385 760 runt
408 691 781 842 commentitiasaparum
803 689 940 766 validas3
964 716 1005 758 ex
1026 715 1120 756 sensu
1144 716 1202 756 suo
1227 691 1355 780 petitas,

297 775 386 846 dum
400 781 508 844 aiunt:
530 777 630 843 inesse
685 777 764 864 quid
778 777 811 842 in
826 777 985 842 sententiis
998 777 1048 842 vel
1062 778 1183 877 verbis.
1192 777 1282 866 quod
1296 777 1357 843 sibi
1394 839 1399 848 .

293 865 468 966 displiceat
489 887 546 930 nec
567 863 640 928 satis
661 865 831 950 probetur;
856 885 947 950 saepe
962 888 1089 962 quoque
1102 865 1163 928 hoc
1175 888 1282 952 ipsum
1300 865 1356 952 ju-

263 973 265 982 ’
295 945 424 1018 'dicium
446 975 509 1016 non
530 949 709 1014 institutum
728 964 834 1014 estex
854 951 1025 1014 Homerica
1044 950 1164 1015 ratione
1183 963 1217 1015 et
1235 950 1354 1030 indole,

305 1039 361 1104 sed
384 1062 427 1126 ex
451 1037 658 1103 recentiorum
681 1035 863 1100 commentis
887 1049 920 1100 et
940 1036 1147 1125 opinionibus.
1195 1038 1281 1102 Cum
1303 1037 1356 1104 his

305 1124 381 1213 ipsis
400 1139 504 1190 tamen
518 1122 639 1210 judicia
657 1123 734 1186 haec
754 1122 956 1208 antiquorum
975 1123 1263 1209 grammaticorum,
1278 1147 1355 1190 cum

304 1234 415 1276 eorum
428 1208 599 1275 observatis
611 1221 646 1274 et
658 1207 794 1285 monitis,
806 1231 952 1295 magnam
967 1208 1044 1274 mihi
1058 1209 1191 1274 attulere
1205 1209 1354 1298 volupia

304 1311 369 1363 tem
385 1298 419 1362 in
438 1295 654 1362 animadversa
674 1294 826 1359 sentiendi
845 1308 878 1359 et
898 1293 1056 1361 indicandi
1076 1296 1197 1361 ratione
1217 1297 1354 1362 istorum

303 1383 468 1449 bominum
481 1407 518 1448 ac
537 1395 725 1469 temporum,
741 1380 889 1468 omnique
911 1381 1087 1446 studiorum
1108 1405 1195 1447 more
1209 1406 1230 1446 a
1243 1396 1353 1449 nostra

303 1483 405 1536 aetate
419 1470 550 1534 diverso.
659 1511 661 1536 ι

291 1598 295 1604 -
347 1555 588 1623 Observationes
602 1574 623 1616 u
637 1576 726 1620 sensu
744 1555 861 1637 poetico
882 1567 973 1619 auto
990 1556 1065 1618 recti
1082 1555 1240 1641 palmique
1261 1578 1352 1622 cursa

302 1644 416 1732 petitas
440 1665 511 1706 raro
537 1641 700 1716 observes3
723 1639 768 1705 ita
789 1654 826 1706 ut
847 1640 983 1706 multum
1008 1640 1111 1705 absint
1131 1642 1173 1707 ab
1194 1666 1232 1706 ea
1253 1644 1351 1708 animi

290 1729 518 1807 commotione,
534 1751 616 1814 quae
635 1727 776 1815 proxime
798 1727 943 1792 accedere
965 1727 1061 1791 debet
1074 1727 1115 1792 ad
1132 1742 1244 1816 poetae
1264 1730 1351 1795 affla-

302 1829 371 1882 tum
393 1815 546 1893 divinum,
570 1837 624 1877 seu
645 1813 797 1902 impetum
820 1826 851 1878 et
872 1813 1027 1894 ardorem,
1044 1816 1153 1878 siboni
1172 1816 1350 1900 interpretes

298 1913 407 1984 poetae
428 1923 493 1966 esse
514 1899 660 1966 volumus
668 1915 693 1979 ³,
716 1923 818 1987 pauca
843 1922 971 1987 quoque
995 1915 1175 1980 occurrunt,
1191 1925 1282 2000 ‘quae
1303 1906 1348 1967 od

292 1989 471 2072 ¹prosodiam
485 1998 633 2086 spectent.
669 1988 789 2053 Contra
802 1991 880 2051 vero‘
891 1983 1108 2074 locupletiores
1122 2001 1154 2052 et
1168 1988 1361 2068 disertiores·

301 2087 375 2139 sunt
386 2072 582 2224 {pammatrci
596 2072 629 2137 in
643 2073 896 2138 observationum
915 2095 1029 2170 genere
1043 2096 1122 2159 quas
1136 2076 1300 2140 rhetoricus
1313 2089 1347 2141 et

298 2183 384 2225 mora
441 2158 598 2247 appellare
611 2159 728 2245 possis:
753 2159 1009 2258 quandoquidem
1023 2173 1080 2224 aut
1094 2160 1261 2226 artificium
1275 2163 1346 2227 rhe-

298 2247 432 2312 toricum
453 2246 487 2310 in
508 2245 674 2309 reddendis
698 2246 838 2310 monbus
859 2258 892 2310 et
912 2245 1075 2311 affectibus
1095 2246 1266 2328 declarant,
1289 2262 1346 2314 aut

298 2334 423 2413 docent,
445 2331 524 2420 quid
543 2331 578 2395 in
599 2332 689 2397 factis
710 2345 742 2396 et
763 2331 896 2397 narratis
916 2354 987 2396 cum
1032 2333 1182 2421 raeceptis
1229 2334 1344 2400 hiloso-

296 2420 397 2571 phicis
412 2419 584 2487 conveniat.
630 2421 713 2483 Sunt
733 2418 767 2482 in
785 2418 835 2482 his
855 2418 943 2483 haud
964 2356 1061 2485 dubie
1082 2427 1168 2484 noun
1260 2445 1342 2509 quae

284 2535 287 2544 ’
308 2508 442 2578 ubenter
455 2505 669 2593 amplectaris3
693 2505 741 2570 uti
755 2504 796 2570 de
810 2504 1104 2593 comparationibus,
1122 2507 1216 2594 (quas
1236 2522 1342 2574 tamen

295 2593 356 2680 ipsi
367 2591 453 2658 haud
464 2614 535 2656 raro
544 2591 624 2654 male
634 2591 891 2678 interpretantur,
901 2592 980 2656 dum
990 2590 1083 2680 plura
1092 2592 1125 2656 in
1135 2616 1205 2657 com
1283 2595 1341 2660 tio-

283 2701 368 2743 ·nem
382 2689 547 2743 assumunt
560 2701 642 2764 quae
656 2700 742 2741 mera
755 2691 938 2743 ornamenta
951 2693 1041 2744 sunt:
1065 2678 1105 2742 cf.
1120 2680 1202 2744 Scho
1217 2729 1225 2745 .
1242 2683 1341 2769 Apol.

294 2765 370 2830 lonii
382 2767 415 2843 ·1‚
431 2766 512 2851 Arg.
529 2767 616 2847 882.)
639 2762 740 2828 mtrlta
761 2777 835 2829 sunt
855 2765 1012 2852 praeclare
1032 2765 1246 2853 pronuntiatag
1269 2792 1341 2856 pas-

295 2851 353 2917 sim
367 2851 482 2916 inserta
496 2849 683 2916 Eustatlrio:
701 2873 838 2936 quorum
851 2873 1013 2916 recensum
1027 2851 1133 2917 videre
1146 2851 1218 2918 licet
1232 2854 1266 2919 in
1283 2857 1338 2922 In-

293 2938 363 3003 dice
384 2936 513 3002 Devarii
531 2959 597 3001 voc.
618 2964 659 3001 πα
676 2937 776 3018 αβολὴ.
799 2936 872 3001 add.
895 2937 1050 3025 Porphyr.
1068 2940 1128 3016 Qu.
1145 2940 1243 3005 Hom.
1265 2965 1287 3006 s.
1305 2943 1337 3009 6.

294 3027 381 3091 Bene
395 3048 441 3112 qu
482 3047 523 3088 ue
544 3023 647 3088 Schol.
660 2965 709 3088 br.
726 3023 767 3088 ad
780 3029 815 3088 B.
833 3025 896 3088 212
916 3027 971 3089 cciv
993 3025 1136 3090 ἐπεισόδιον
1157 3029 1336 3109 λαμβάνεται

290 3119 333 3199 τῷ
354 3047 485 3197 ποιητῇ
503 3110 678 3187 πιθανότητος
701 3107 798 3189 ἕνεκεν,
814 3109 958 3197 ἢχρείας,
974 3108 989 3188 ἢ
1005 3109 1111 3194 κόσμου
1134 3113 1182 3176 nal
1205 3114 1337 3192 ὑψώσεως

281 3201 415 3350 {ulpich
426 3195 584 3262 Abundat
597 3195 900 3347 aniffiadverpionum
914 3196 1087 3347 elthimlpum
1099 3221 1223 3352 genetraZ
1231 3201 1334 3352 SScclAOL

322 3307 369 3350 en.
418 3305 648 3347 .cumsuasec
690 3305 778 3346 :mu
846 3306 886 3348 ue
940 3305 998 3347 ura
1034 3307 1172 3350 uussec
1302 3314 1336 3353 o-

290 3371 333 3435 lia
346 3381 419 3434 sunt
441 3382 572 3446 servata,
587 3391 683 3456 quam
705 3296 846 3434 meliotibq
853 3305 981 3434 arelius
1001 3368 1034 3434 in
1053 3307 1159 3436 JSchol.
1175 3375 1219 3437 A.
1236 3388 1269 3438 et
1283 3375 1336 3440 Vi-

289 3472 366 3522 ctor.
389 3456 484 3543 longe
502 3455 613 3542 utique
634 3455 837 3543 pluraquam
851 3455 957 3534 velles,
972 3455 1066 3520 etiam
1086 3457 1120 3521 in
1141 3460 1331 3536 Eustathio;

277 3544 349 3609 -hoc
362 3543 446 3608 idem
464 3540 643 3614 institutum
663 3541 825 3629 amplexus
839 3556 907 3606 erat
921 3543 1128 3631 Porphyrius
1143 3545 1235 3632 qu'us
1249 3547 1334 3636 frag-

280 3641 405 3708 menta,
426 3629 486 3694 hoc
499 3628 629 3715 quidem
649 3643 793 3716 respectu
814 3629 933 3709 habito,
955 3652 1019 3696 non
1040 3652 1190 3718 magnum
1212 3633 1333 3699 deside-

279 3716 371 3782 rium
385 3715 505 3780 faciunt
518 3714 709 3780 amissorum.

332 3805 380 3867 At
394 3801 476 3866 enim
496 3823 626 3888 regnare
644 3801 733 3866 aiunt
754 3801 879 3868 Scholia
899 3802 932 3866 in
946 3805 1033 3868 rebus
1044 3805 1275 3888 grammaticis3
1298 3820 1330 3873 et

286 3901 370 3956 recte
394 3888 502 3963 aiunt;
530 3886 624 3951 modo
647 3887 804 3972 judicium
831 3889 892 3953 hoc
916 3901 999 3954 recte
1024 3888 1229 3956 constitueris.
1277 3895 1329 3958 Sc-

284 3978 392 4054 riores,
408 3973 464 4125 pul
478 3973 511 4038 in
528 3972 648 4037 Scholis
661 3973 882 4074 praelegebant
901 3974 1008 4063 pueris
1026 3989 1162 4062 poetam,
1178 3976 1329 4045 elementa

142 4098 147 4107 ·
236 4147 243 4159 Ι
278 4063 350 4129 tere
364 4076 413 4127 tac
435 4060 522 4125 nicae
535 4072 754 4158 grammaticae
768 4083 801 4125 ιιι
816 4073 905 4164 notas
919 4061 1121 4138 inferserunt3
1137 4063 1327 4150 antiquiores

279 4201 283 4208 ⁴
316 4226 327 4248 ¹
343 4199 383 4268 Dc
399 4215 505 4265 oraculis
521 4191 546 4264 ct
556 4213 679 4263 vaticiniis
691 4213 742 4264 cic.
754 4216 784 4265 de
823 4219 891 4268 aime
901 4218 936 4265 cd
945 4232 1029 4266 eorum
1044 4231 1103 4280 quos
1119 4218 1325 4280 interpretantur,

283 4281 342 4331 Div.
360 4282 382 4340 1,
400 4282 438 4328 18.
456 4291 561 4344 quartem
579 4281 688 4328 omnium
706 4281 783 4328 iater-
823 4283 1001 4339 dimnaticum
1011 4283 1127 4330 videntur·
1138 4285 1262 4334 werdere.
1282 4339 1286 4342 ,

276 4353 371 4410 prutes,
380 4353 409 4396 ut
419 4345 573 4410 grammatici
584 4350 721 4408 poctaru,
725 4361 788 4414 μὴ
1008 4356 1012 4360 ·

1491 1684 1496 1852 l
