2998 5052
516 359 751 426 mssnnu.
776 361 803 424 1.
982 389 986 396 ·
1104 365 1182 432 ’317

139 527 256 592 κελεύοι.
292 526 353 593 Od.
370 531 410 590 11.
426 527 497 598 196.
514 533 544 608 οὐ
559 531 619 620 γάρ
633 558 688 608 πως
703 529 739 595 ἂν
751 532 842 610 θνητὸς
855 534 921 619 ἀνὴρ
934 530 1003 596 τάδε
1015 533 1184 622 μηχανόῳτο

141 611 262 699 ᾦαύτοῡ
278 640 313 699 γε
328 612 389 699 νόῳ,
405 613 449 678 ὅτε
462 618 501 697 μὴ
518 615 574 692 θεὸς
588 619 671 694 αὐτὸς
690 616 808 681 ἐπελθὼν
827 617 931 705 ῥηϊδίως
951 618 1047 683 ἐθέλων
1062 619 1114 698 θείη
1129 621 1185 684 νέον

142 701 173 778 ἠὲ
188 699 318 788 γέροντα·
340 705 376 764 Ψ.
391 701 463 766 184.
478 701 521 778 τίς
535 702 564 765 δέ
575 729 623 786 μον
637 700 746 768 ἄλλοσε
761 705 823 781 θῆκε
838 702 938 789 λε’χοςς
954 706 1083 790 χννλνπόν
1096 706 1125 768 δέ
1140 728 1186 770 κεν

137 783 190 865 εἴη,
207 786 255 850 καὶ
269 785 340 869 μάλ’
356 789 541 873 ἐπισταμένῳ,
558 787 602 852 ὅτε
616 791 655 874 μὴ
671 789 725 864 θεὸς
740 789 821 864 adro}
834 789 951 854 ἐπελθὸν
961 789 1069 888 ῥηϊδίως
1087 788 1185 856 ἐθέλων

137 870 192 950 θείη
208 867 282 958 ἄλλῃ
298 873 333 936 ἐνὶ
346 869 438 960 χώρῃ.
483 875 536 940 Ex
551 874 708 1028 himine
721 873 829 964 paullo
847 888 920 941 ante
936 876 1021 942 dicte
1038 888 1123 954 suut,
1137 877 1185 942 fe»

139 954 198 1044 cile
213 953 344 1046 intelligi
401 958 482 1040 terit,
499 973 582 1046 recte
670 962 753 1027 biron
766 985 832 1026 esse
845 962 1009 1049 optativos.
1053 963 1138 1028 Num
1152 961 1186 1028 in

137 1041 227 1128 nullo
240 1037 354 1128 horum
380 1069 508 1112 ecorum
522 1047 563 1112 de
577 1068 611 1112 re
626 1071 727 1114 sermo
747 1062 805 1127 est,
820 1071 902 1134 quae
921 1047 1094 1136 exspectari
1111 1071 1184 1137 pos-

139 1129 191 1206 sit,
208 1130 263 1196 sed
279 1130 313 1194 in
334 1131 480 1198 omnibus
497 1133 541 1197 fin
565 1132 628 1200 'tur
647 1133 777 1222 aliquid,
792 1134 889 1222 idque
903 1135 976 1214 tnle,
991 1135 1079 1223 quod
1092 1157 1185 1203 even·

140 1229 250 1282 turum
273 1241 339 1282 esse
363 1240 403 1282 ne
426 1157 575 1284 credibil⁸
597 1220 726 1307 quidem
749 1220 797 1286 sit.
843 1221 1054 1300 Quamobrem
1076 1221 1183 1300 miror,

139 1302 229 1400 quod
244 1303 459 1401 Thiumhius,
474 1304 553 1370 dum
570 1327 684 1394 anceps
702 1305 798 1372 animi
818 1307 935 1394 pendet
973 1311 1026 1372 .8.
1049 1306 1186 1394 denique

113 1431 116 1436 -
138 1412 177 1454 eo
191 1389 330 1470 inclinat,
345 1403 384 1456 ut
397 1390 515 1478 ubique
530 1393 765 1480 conjunctivum
784 1393 894 1504 reponi
907 1331 994 1458 velit.
1031 1395 1118 1472 Ques
1136 1417 1185 1458 ru

138 1473 239 1542 tiones
253 1475 354 1555 effert,
370 1499 478 1544 earum
492 1477 604 1565 prima,
620 1479 707 1566 quod
725 1502 782 1567 per
800 1505 845 1544 ore
864 1479 1001 1544 conditio
1017 1479 1183 1557 indicetur,

139 1585 206 1648 qua
227 1560 366 1641 tollatur,
382 1563 470 1649 quod
528 1566 700 1646 accesserit,
722 1587 759 1630 ea
775 1589 840 1630 non
860 1565 952 1630 video
966 1584 1117 1653 quorsum
1132 1589 1185 1632 vu-

138 1645 219 1714 leet:
244 1671 317 1715 nam
331 1648 401 1747 udis
415 1673 473 1716 con
509 1649 563 1730 tio,
578 1651 673 1750 modo
690 1654 729 1734 μὴ
748 1652 907 1739 adjectum
924 1651 974 1732 sit,
988 1651 1099 1730 aderit,
1114 1651 1184 1738 qui-

138 1735 1185 1911 uremurtrlzdrtrunluuruuulu

138 1907 240 1972 ctivos
257 1906 338 1972 tueri
352 1907 507 1987 videatur,
522 1931 585 1974 non
606 1931 671 1974 une
691 1933 732 1974 ex
811 1921 843 1974 te
863 1909 995 1976 laborat.
1040 1909 1185 1974 Primum

139 1993 224 2058 enim
239 2006 365 2060 tantum
384 1993 483 2072 abest,
499 2009 537 2062 ut
549 1994 739 2084 Apollonius
785 1994 900 2060 hodius
915 1999 1094 2061 Homerum
1116 1996 1185 2061 'ubi-

140 2103 206 2230 flue
225 2092 371 2158 sectetur,
392 2093 429 2144 ut
448 2080 516 2167 ejus
534 2081 633 2146 oratio
653 2083 695 2147 ab
710 2081 881 2146 Homerica
900 2082 1015 2148 mirum
1029 2094 1185 2180 quantum

164 2166 312 2265 iscrepet:
335 2165 376 2230 de
390 2190 455 2252 que
468 2191 502 2232 re
517 2166 572 2256 qui
591 2167 694 2254 plura,
709 2191 901 2266 quamnquae
920 2169 1022 2232 obiter
1039 2167 1186 2266 mspectis

41 2267 45 2274 '
135 2255 308 2338 'utrmsque
326 2268 437 2338 poetae
455 2253 643 2320 carminibus
664 2267 865 2332 occurrerint,
881 2254 991 2318 efferre
1005 2253 1091 2333 velit,
1111 2268 1186 2320 saus

140 2337 758 2490 tutuditllllltffllffilltt
784 2339 1100 2492 llllfflltll
1114 2363 1187 2488 “ll

140 2511 236 2595 mmo)
253 2523 310 2588 est,
326 2448 559 2598 ubipdpollonii
578 2511 745 2576 auctoritas
758 2450 1043 2598 iliqiridsoolferat
1057 2511 1098 2576 ad
1114 2449 1186 2576 illi

142 2597 223 2662 meri
244 2620 337 2662 usum
358 2596 628 2684 cognoscendum
652 2610 699 2662 est
713 2621 790 2662 vero
806 2598 910 2675 etiem,
931 2596 986 2662 ubi
1006 2597 1084 2661 nihil
1102 2597 1188 2662 utili-

139 2683 215 2748 tatis
237 2683 356 2761 afferat,
375 2681 451 2769 quia
471 2683 523 2747 ille
544 2705 608 2748 non
629 2683 748 2771 ubique
767 2698 851 2750 recte
873 2685 1051 2748 Homerum
1071 2683 1186 2749 imitari

142 2769 278 2834 videtur.
323 2768 470 2855 Denique
485 2770 517 2834 in
532 2770 590 2834 hac
603 2777 648 2848 re,
664 2770 705 2835 de
719 2793 783 2857 que
797 2791 881 2834 nunc
894 2769 1028 2856 egimus,
1039 2769 1118 2857 quid
1132 2794 1185 2834 ve-

141 2855 206 2920 lent
220 2854 421 2942 Apollonius,
437 2855 538 2922 multo
558 2855 662 2921 minus
683 2855 814 2942 intelligi
834 2868 945 2942 potent.
990 2854 1054 2933 Qui
1075 2855 1186 2920 eierat

142 2941 446 3017 commemoranduS,
472 2964 534 3006 nou
565 2941 616 3006 hic
641 2941 739 3020 locuS,
763 2947 788 3005 1.
811 2945 884 3006 245.
911 2941 1015 3006 efferri
1039 2940 1184 3020 debebat,

143 3027 261 3109 (multo
274 3026 357 3092 enim
371 3027 495 3093 facilius'
513 3050 613 3092 uuum
627 3026 801 3126 Apollonii,
816 3025 1040 3114 corruptissimi
1058 3027 1186 3114 scripto-

141 3114 197 3192 ris,
212 3112 316 3180 locum
331 3137 371 3178 ex
385 3127 522 3199 quatuor
537 3113 726 3194 HomericiS,
741 3135 836 3200 quum
856 3114 914 3179 hos
933 3137 973 3178 ex
994 3135 1069 3190 uuo,
1085 3135 1186 3200 eoque

141 3198 259 3264 dubiae
274 3198 476 3277 auctoritatiS,
489 3199 652 3286 Apollonii
665 3199 884 3299 corrigastsed
899 3202 958 3265 IV.
969 3202 1043 3269 409.
1067 3199 1186 3264 Verum
1303 3204 1307 3212 ’

142 3309 184 3350 ne
200 3285 385 3372 sicquidem
400 3284 575 3372 quidquem
593 3285 755 3365 efficietur,
770 3286 829 3350 nisi
842 3297 880 3348 ut
893 3297 1042 3373 appareat
1056 3285 1189 3372 Apollo-

142 3371 234 3436 nium
248 3371 447 3460 conjunctivo
461 3393 555 3437 usum
566 3393 642 3450 esee,
654 3371 710 3437 ubi
723 3371 942 3459 conjunctivus
955 3371 1030 3460 poni
1041 3371 1187 3451 debebat,

116 3467 119 3470 '
142 3457 412 3556 quemadmodum
432 3457 515 3522 idem
534 3457 568 3522 in
582 3457 691 3524 eadem
713 3457 850 3524 formula
862 3457 937 3524 alibi
950 3471 1034 3530 recte
1046 3459 1188 3544 optativo

142 3557 258 3610 utitur.
1022 3609 1025 3614 .
1166 3557 1169 3562 '

187 3629 293 3708 Alter,
305 3628 422 3728 dequo
435 3621 578 3694 dicturus
591 3649 687 3707 erem,
703 3651 783 3696 usus·
793 3628 925 3715 optativi
939 3627 965 3692 ir
979 3641 1039 3706 est,
1048 3651 1114 3714 quo
1127 3629 1189 3698 fre-

144 3737 248 3804 quens
260 3737 295 3780 re
336 3713 404 3780 tiuo
421 3714 466 3779 rei
482 3715 667 3802 praeteritae
688 3714 853 3802 significari
872 3725 1012 3800 putatur.
1058 3715 1103 3780 Id
1115 3739 1190 3782 vero

168 3808 288 3868 rorsue'
310 3801 410 3866 alsum
432 3813 489 3866 est.
511 3823 568 3866 nec
589 3800 677 3888 sequi
698 3801 785 3867 hunc
805 3821 954 3881 errorem,
976 3801 1031 3866 sed
1051 3802 1190 3868 refutare

188 3889 283 3954 behet
296 3887 509 3953 Thierrehius.
532 3889 616 3952 Nam
630 3887 687 3952 etei
701 3909 723 3950 u
798 3885 805 3899 ⁰
822 3909 887 3952 non
900 3899 1014 3975 potest,
1030 3886 1086 3952 ubi
1100 3887 1141 3952 de
1154 3911 1189 3952 re

146 3973 271 4061 saepius
285 3972 420 4060 repetitu
432 3997 533 4038 sermo
547 3987 604 4052 est,
620 3987 685 4038 tem
698 3909 844 4042 offlam
858 3995 923 4040 esse
937 3972 1068 4061 optativi
1083 3997 1188 4053 usum,

146 4073 185 4126 ut
210 4059 368 4124 rarissima
389 4059 457 4134 sint⁴
474 4059 619 4146 exempla
641 4059 675 4124 in
697 4059 814 4147 quibus
837 4058 890 4124 ifle
913 4082 977 4124 uon
1001 4059 1188 4138 invenietur,

149 4145 254 4232 (apud
269 4147 446 4212 Homerum
461 4169 524 4210 non
538 4144 665 4213 memini
677 4145 857 4246 exemplum
866 4151 995 4233 'praeter
1010 4143 1049 4209 11.
1065 4149 1102 4209 Γ.
1115 4147 1189 4210 uel.

145 4231 181 4296 in
196 4255 261 4319 quo
274 4231 355 4322 ipro,
370 4232 427 4298 eed
439 4232 531 4310 mele,
546 4231 689 4298 nonnulli
706 4232 779 4298 libri
798 4229 975 4320 optativum
996 4229 1128 4315 habent)
1144 4244 1190 4296 ta-

146 4341 223 4384 men
236 4341 273 4384 ea
286 4340 350 4382 non
366 4317 497 4406 optativi
512 4317 558 4384 vir
577 4329 634 4396 est,
650 4318 704 4385 red
718 4318 818 4397 verbi,
839 4317 924 4385 uude
942 4317 1059 4405 pendet
1077 4317 1190 4404 optati-
