2998 5052
238 366 241 372 ·
328 333 394 398 tte
442 401 445 407 ,
689 329 942 398 EXCURSUS
966 329 1015 396 11.

375 501 488 570 Fuisse
502 515 605 571 tamen
619 525 677 592 per
697 524 805 572 omnes
823 487 940 570 acmtes
952 501 1037 570 viros
1050 514 1169 583 acutos,
1184 501 1240 602 qui
1253 498 1293 566 de
1305 523 1364 567 car-

332 590 470 658 minibus
484 589 744 656 Homericisnon
756 613 830 657 cum
846 591 942 680 vulgo
956 603 1140 670 statuerent,
1155 587 1244 654 facile
1257 587 1364 669 credas.

335 675 595 750 Commemorabo
614 677 716 744 multa
732 677 831 767 hujus
849 676 972 767 generis
983 675 1018 742 in
1034 676 1230 758 sectionibus
1247 694 1367 764 sequen-

333 764 428 830 tibus.
468 766 557 829 ‘Sunt
578 763 646 830 loca
662 764 731 852 jam
752 787 792 830 ex
807 765 946 830 Kustero
967 779 1059 830 nota:
1083 762 1215 852 Josephi
1229 762 1261 827 in
1277 760 1368 850 Apio-

334 873 407 916 nem
428 850 482 915 lib.
502 851 533 930 I,
553 855 582 915 2.
606 851 662 939 qui
684 851 956 936 διαμνημονευομὲνην
979 855 1010 916 ἐκ
1031 861 1086 916 τῶν
1107 851 1245 938 ᾀσμάτων
1267 847 1368 934 ὕστερον

334 939 501 1016 συντεθῆναι,
516 951 679 1017 memorat,
694 951 726 1002 et
740 937 877 1016 Aeliani,
892 936 948 1025 qui
968 951 1118 1025 tanquam
1132 959 1199 1001 rem
1213 935 1309 1023 vulgo
1322 957 1370 998 no-

335 1037 400 1090 tam
420 1024 567 1111 apponit:
592 1023 632 1088 ὅτι
651 1029 690 1088 τὰ
705 1027 830 1112 Ὀμήρου
850 1023 897 1104 ἔπη
915 1023 1040 1112 πρότερον
1056 1025 1199 1112 διῃρημένα
1213 1019 1309 1109 linaei
1322 1047 1369 1084 ra

335 1109 422 1176 natat·
440 1109 525 1176 unde
540 1111 691 1198 sequitur,
703 1134 767 1176 non
781 1109 841 1174 nisi
856 1110 953 1175 serius
968 1135 1005 1175 ea
1014 1110 1109 1176 fuisse
1123 1109 1253 1174 collecta
1267 1132 1302 1173 ac
1315 1106 1369 1172 dis

379 1195 446 1262 sita.
470 1199 625 1261 Δολώνειαν
639 1197 693 1282 (ΙΙ.
705 1200 759 1282 K.)
774 1197 919 1262 insertam
936 1221 1001 1262 esse
1016 1197 1049 1260 in
1064 1197 1197 1262 Iliadem
1212 1220 1262 1285 ap.
1277 1193 1371 1260 Schol.

221 1302 225 1308 ’
335 1220 418 1349 ilict.
435 1283 523 1372 Lips.
539 1283 687 1350 Eustath.
702 1284 826 1372 legitur.
842 1307 872 1348 v.
889 1285 979 1360 Obss.
995 1283 1185 1372 Episcdium
1200 1283 1240 1348 de
1257 1282 1371 1350 Glauco

337 1369 414 1436 alios
435 1369 496 1436 alio
520 1369 589 1436 loco
612 1392 814 1448 consecrasse,
836 1384 987 1436 notarunt
1008 1384 1148 1436 veteres:
1170 1393 1200 1434 v.
1224 1370 1316 1434 Obss.
1336 1366 1373 1432 ad

338 1459 373 1521 Z.
386 1459 458 1528 119.
474 1455 636 1524 Eustathii
649 1457 746 1524 verba
762 1457 856 1524 obvia
874 1461 948 1522 sunt
967 1457 1071 1523 statim
1090 1457 1132 1522 ad
1149 1456 1254 1544 prima
1272 1453 1373 1520 Iliadis

337 1544 434 1611 verba
447 1547 485 1608 Α.
499 1548 528 1611 1.
544 1543 602 1610 etsi
619 1567 724 1609 rernm
744 1544 909 1610 momentis
927 1544 1099 1610 admodum
1117 1542 1274 1618 confusis,
1297 1553 1328 1606 et
1344 1565 1371 1629 p.

338 1627 360 1696 6
373 1638 453 1696 extr.
469 1639 518 1696 τοῦ
533 1632 560 1696 δὲ
575 1631 772 1718 ἀπαγγέλλειν
785 1635 834 1710 τὴν
843 1631 968 1718 Ὀμήρου
982 1629 1089 1710 ποίησιν
1103 1631 1315 1708 σκεδασθεῖσαν,
1327 1633 1374 1714 ἄρ·

332 1721 393 1804 χὴν
407 1718 552 1798 ἐποιήσατο
569 1718 700 1794 Κύναιθος
714 1723 728 1782 ὁ
741 1721 810 1792 Χῖος
825 1731 884 1782 ets.
922 1719 975 1806 Et
984 1717 1026 1782 sic
1040 1716 1101 1782 alia
1116 1740 1166 1806 ap.
1183 1715 1328 1794 eundern,
1343 1732 1376 1780 ut

362 1806 457 1884 .957,
468 1806 518 1870 10.
537 1805 578 1870 In
591 1803 708 1892 vulgus
722 1816 797 1869 nota
811 1816 895 1883 sunt,
907 1828 989 1891 quae
1004 1804 1043 1869 de
1058 1802 1188 1869 diversis
1202 1801 1376 1868 auctoribus

337 1825 450 1956 iliadis
464 1904 497 1956 et
510 1890 669 1980 Odysseae
683 1889 843 1980 disputata
857 1903 939 1956 sunt.
970 1893 1092 1956 Notum
1108 1913 1235 1990 qnoque
1251 1887 1378 1956 Bentleii

332 1975 493 2064 judicium
505 1999 687 2066 compagem
701 1977 939 2077 rhapsodiarum
957 1976 1058 2043 multo
1073 2000 1218 2042 senorem
1232 2001 1300 2042 esse
1314 1977 1377 2040 Ho-

321 2062 417 2128 ‘meri
438 2077 539 2129 aetate
583 2063 800 2130 renuntiantis.
845 2065 913 2130 Nec
932 2063 1022 2130 facile
1036 2077 1116 2153 puto
1129 2063 1268 2152 aliquem
1283 2085 1378 2151 aper·

336 2149 418 2214 lecta
432 2150 534 2216 Iliade
554 2088 736 2232 discessisse,
752 2151 829 2239 quin
849 2151 889 2215 de
907 2150 1052 2218 carminis
1073 2174 1196 2216 summa
1209 2164 1242 2216 et
1255 2150 1378 2215 fortuna

337 2235 438 2304 multa
451 2236 556 2302 auimo
569 2237 715 2304 volveret.
760 2239 835 2304 Non
853 2237 960 2326 itaque
981 2238 1108 2318 mirum,
1125 2238 1150 2302 si
1163 2236 1241 2302 mihi
1280 2260 1379 2326 uoque

337 2321 422 2387 idem
441 2324 598 2401 evenerit;
622 2324 768 2413 idemque
788 2325 865 2390 mihi
885 2347 1050 2390 commune
1069 2349 1135 2390 esse
1153 2348 1226 2390 cum
1246 2263 1326 2404 siliis,
1342 2346 1377 2388 ex

338 2409 537 2496 familiarium
553 2413 751 2477 sermonibus
760 2411 990 2500 intelligebam
1007 2411 1158 2500 nihilque,
1174 2411 1264 2499 quod
1278 2412 1379 2476 admo-

338 2495 416 2561 dum
430 2497 625 2586 ingeniosum
641 2514 730 2578 esset,
745 2499 779 2564 in
793 2523 830 2564 ea
844 2523 900 2564 seu
914 2497 1093 2564 ariolatione
1109 2523 1164 2564 seu
1185 2498 1378 2564 dubitatione

337 2581 436 2648 inesse
451 2585 649 2672 suspicabar;
673 2587 713 2652 de
724 2586 916 2736 quaestionis
935 2599 1040 2651 tamen
1060 2609 1182 2652 summa
1195 2585 1317 2674 aliquid
1330 2609 1382 2674 pe

338 2691 414 2734 nere
426 2683 483 2736 aut
497 2685 644 2751 statuere,
659 2671 692 2738 in
712 2673 723 2736 i
748 2673 793 2738 ud
813 2685 937 2761 tempus
956 2673 1149 2752 differebam,
1164 2672 1242 2738 dum
1261 2695 1381 2762 compa-

338 2755 534 2846 ratis-copiis,
543 2783 628 2846 ‚quae
642 2782 682 2823 ex
694 2759 855 2825 Villoisoni
892 2759 1027 2825 romissis
1041 2774 1109 2825 tum
1124 2759 1379 2848 expectabantur,

338 2843 528 2932 omninoque
547 2845 701 2912 exhausta
719 2845 804 2912 omni
821 2845 855 2912 in
912 2870 1053 2911 omerum
1072 2867 1178 2934 opera,
1193 2845 1381 2934 suspiciones

337 2929 438 2996 varias
452 2929 556 2997 animo
570 2931 738 2998 insidentes
751 2931 793 2998 ad
807 2945 891 2998 certa
905 2956 1010 2998 rerum
1026 2947 1213 3022 argumenta
1227 2932 1380 2998 deducere
1395 2941 1400 2948 “

337 3039 469 3104 possem.
515 3018 667 3086 Videbam
690 3019 772 3085 enim
794 3019 906 3086 editori
927 3021 1061 3085 Homeri
1085 3019 1173 3086 haud
1195 3019 1294 3085 dubie
1315 3041 1380 3084 eam

338 3128 465 3192 quoque
480 3107 693 3193 quaestionem
713 3106 928 3196 attingendam
947 3131 1031 3183 esse;
1055 3129 1112 3172 nec
1127 3110 1231 3172 tamen
1245 3105 1337 3172 aliter
1349 3103 1380 3170 id

338 3191 468 3280 exsequi
481 3191 585 3259 animo
600 3193 832 3274 constitueram,
848 3217 956 3282 quam,
971 3206 1009 3259 ut
1023 3217 1069 3274 ea,
1084 3217 1166 3282 quae
1187 3193 1339 3281 prudenti
1352 3205 1381 3256 et

338 3290 458 3344 attenta
480 3277 724 3346 consideratione
746 3280 887 3346 adhibita
910 3305 941 3346 se
964 3279 1041 3346 mihi
1064 3281 1259 3370 probassent,
1285 3280 1382 3346 libero

337 3363 432 3430 animi
442 3363 564 3452 judicio
576 3366 753 3454 proderem,
768 3366 801 3432 in
816 3367 1009 3456 exquirenda
1029 3383 1135 3432 autem
1150 3367 1282 3432 veritate
1300 3380 1380 3432 tene-

336 3472 403 3515 rem
416 3473 537 3517 morem
551 3475 667 3531 meum,
683 3467 722 3518 ut
733 3453 767 3518 in
781 3477 815 3518 re
828 3455 869 3520 ab
886 3453 1071 3542 antiquitate
1093 3454 1209 3520 tradita
1230 3455 1271 3519 ab
1293 3453 1381 3520 initio

337 3535 415 3602 nihil
429 3561 488 3627 pro
501 3552 585 3604 certo
600 3549 749 3619 statuens,
761 3563 866 3606 rerum
881 3541 1073 3630 argumentis
1087 3541 1231 3630 expensis
1241 3551 1381 3626 expecto·

336 3645 410 3704 rein,
425 3627 499 3711 quid
511 3627 703 3694 statuendam
718 3627 759 3692 sit
765 3652 780 3705 ,·
804 3627 883 3693 etin
896 3639 1041 3694 neutram
1055 3641 1177 3718 partem
1194 3649 1379 3717 propensus,

336 3709 424 3778 nullo
442 3710 569 3799 placito,
584 3713 769 3781 auctoritate
790 3713 887 3793 nulla,
902 3713 1051 3781 inclinato
1064 3712 1179 3795 animo,
1194 3715 1298 3804 primo
1312 3715 1380 3780 loco

335 3795 494 3886 deprimo
513 3812 640 3866 auctore
662 3825 717 3867 seu
737 3801 783 3868 rei
805 3814 947 3888 narratae
969 3825 1024 3866 seu
1041 3800 1154 3890 judicii
1169 3815 1200 3866 et
1215 3801 1379 3890 opinionis,

334 3883 549 3973 disquirerem,
566 3887 824 3978 sejungeremque
838 3912 884 3968 ea,
900 3912 982 3976 quae
1004 3887 1101 3954 serius
1115 3889 1156 3954 ab
1170 3887 1238 3954 aliis
1252 3888 1379 3976 opinata

334 3995 506 4049 accessere3
530 3973 574 4038 ita
594 3997 690 4074 porro
710 3998 900 4041 semoverem
921 3974 1040 4040 incerta
1057 3999 1078 4039 a
1098 3975 1201 4055 oertis,
1216 3973 1380 4063 magisque

332 4059 507 4147 probabilia
524 4084 544 4126 a
561 4083 667 4144 minus
687 4062 900 4150 probabilibus
918 4061 1135 4142 discernerem,
1156 4085 1212 4127 nec
1234 4061 1380 4128 admitte-

333 4168 410 4226 rem,
426 4146 484 4211 nisi
499 4171 546 4228 ea,
584 4171 644 4214 uae
665 4148 819 4236 probabili
837 4147 957 4217 ratione
977 4147 1132 4228 nituntur,
1148 4171 1205 4214 nec
1220 4161 1326 4214 tamen
1340 4170 1380 4212 ne

332 4231 381 4298 his
396 4231 523 4323 quidem
543 4172 615 4324 pius
636 4235 830 4322 auctoritatis
851 4235 1034 4312 tribuerem,
1051 4258 1146 4322 quam
1161 4257 1211 4300 res
1225 4235 1294 4324 ipsa
1304 4257 1382 4386 ΞΕ

333 4319 469 4406 peditat:
493 4322 620 4389 tandem
636 4323 683 4402 ut,
699 4346 780 4412 quae
794 4345 858 4390 non
879 4322 1000 4410 liquent
1023 4321 1107 4402 satis,
1118 4323 1285 4410 >profiterer
1339 4318 1345 4331 ’
1371 4319 1377 4331 ’
