2998 5052
327 369 393 446 ste
688 363 941 432 EXCURSUS
964 364 994 429 1.

332 539 428 606 chum
440 538 603 619 ,censuisse
624 550 798 604 memorent
816 537 876 604 viri
897 537 993 617 docti,
1007 536 1051 604 ed
1065 535 1225 626 Odysseae
1238 547 1375 604 extreme

332 639 463 714 spectet,
485 647 549 691 non
570 625 612 690 ed
635 624 930 778 madoeffmum
951 649 991 690 ex
1013 623 1183 690 Eustethio
1204 623 1246 688 ad
1261 623 1323 689 Od
1338 626 1371 688 Ψ.

333 712 405 784 296.
422 736 453 800 p.
470 716 567 792 1948,
583 716 626 781 47
640 736 685 800 sq.
702 726 734 777 et
815 712 855 777 ol.
870 713 918 778 br.
933 712 976 778 ed
996 711 1091 778 eund.
1106 735 1151 776 vs.
1172 711 1229 776 ubi
1246 709 1293 776 illi
1311 710 1373 776 duo

328 799 525 888 grammatici
550 812 710 881 notentur,
737 799 825 887 quod
848 799 944 864 finem
969 799 1128 886 Odysseae
1152 796 1197 863 ibi
1221 798 1372 878 fecerunt,

329 885 397 954 eliis
416 887 674 974 repugnantibus
720 889 809 966 Quae
828 885 889 952 alie
902 910 922 950 a
934 883 1144 973 grammaticis
1163 896 1272 950 notate
1290 896 1372 965 sunt,

330 973 372 1038 ad
386 972 511 1072 singula
523 973 592 1038 loca
605 985 756 1061 spectent,
772 996 835 1038 non
849 973 892 1038 ed
905 985 1004 1038 totam
1018 972 1076 1041 rho
1099 970 1226 1036 sodiem.
1267 971 1373 1038 Estin

330 1059 379 1138 his
415 1083 496 1126 nmo
509 1059 578 1124 loeo
592 1059 675 1124 Zoili
688 1059 887 1148 reprehensio
900 1061 941 1124 ab
955 1061 1059 1124 Euste
1095 1057 1126 1123 'o
1144 1070 1316 1124 memorate
1333 1058 1373 1124 sd

330 1151 370 1210 st
387 1083 451 1218 dll9
465 1169 498 1235 p.
511 1149 607 1226 1370,
621 1149 650 1212 4.
668 1153 690 1188 ‘⁶
702 1169 765 1211 non
779 1170 845 1226 esse
858 1145 1031 1234 probabile,
1046 1167 1153 1233 regem
1167 1159 1264 1220 noctu
1277 1144 1312 1210 in
1324 1169 1373 1210 ce»

328 1240 432 1298 “stre
452 1233 572 1299 venisse
593 1256 657 1298 non
678 1247 751 1298 ente
772 1232 872 1298 missis
893 1232 905 1296 l
965 1232 1004 1298 tis
1028 1244 1060 1297 et
1081 1231 1173 1298 venie
1195 1231 1371 1320 impetrate,
1439 1309 1442 1314 Ι

330 1326 353 1359 “
367 1343 503 1408 euntque
517 1320 639 1408 ingredi
652 1332 763 1399 cestre,
778 1257 1019 1385 excubiiib'iud
1032 1311 1370 1395 animadvertentibne;

328 1412 351 1446 “
365 1406 483 1473 intrare
506 1430 580 1472 eum
605 1407 775 1473 tentorium
799 1421 865 1472 tam
886 1406 968 1471 bene
989 1405 1148 1472 munitum
1170 1405 1293 1470 aditum
1318 1405 1372 1472 hs·

328 1499 350 1533 “
365 1493 456 1572 bens;
474 1494 636 1558 καινότατον
650 1495 678 1558 δὲ
693 1495 754 1573 uel,
768 1493 799 1557 τὸ
814 1498 909 1558 πεῖσαι
924 1492 970 1558 τᾶν
984 1491 1027 1578 ely
1045 1519 1093 1572 ιον,
1105 1493 1152 1556 καὶ
1167 1491 1263 1577 λόγοις
1277 1490 1371 1572 θέλξαι

327 1586 350 1618 “
361 1584 397 1658 Ὶτὸ
411 1578 497 1666 θηρίον
515 1579 716 1667 (Achillem);
782 1601 835 1644 rro
853 1521 1059 1667 improbabile
1072 1601 1149 1657 esse,
1165 1601 1271 1644 senem
1284 1591 1372 1658 tante

327 1666 507 1744 “libertate
527 1666 585 1747 uti,
603 1668 865 1755 (παῤῥησιαζεσθαι)
880 1665 914 1730 in
955 1664 1089 1743 renibus,
1109 1677 1142 1728 et
1160 1677 1294 1733 mortem
1315 1665 1370 1730 filli

325 1760 348 1793 “
362 1752 536 1833 lamentari,
559 1753 651 1842 cujus
675 1776 715 1819 ne
736 1775 850 1818 nomen
871 1689 1000 1840 quidem
1023 1749 1164 1816 Achilles
1184 1752 1295 1818 audire
1316 1775 1371 1840 po-

326 1845 347 1878 “
363 1827 444 1914 tuit;
469 1840 596 1905 tendent
611 1839 699 1928 quod
712 1853 775 1904 non
789 1839 908 1906 veritus
927 1853 984 1919 est,
1000 1837 1121 1905 etiamsi
1135 1838 1279 1905 Achilles
1292 1857 1375 1906 eum,

324 1923 542 2006 “dimitteret
569 1940 812 2014 superventuros
834 1948 901 1991 esse
925 1929 1198 2014 Agamemnonem
1224 1939 1256 1991 et
1282 1949 1369 2014 reges

325 2017 347 2050 “
363 2024 492 2091 ceteros,
507 2013 564 2100 qui
583 2036 681 2079 noves
698 2013 854 2079 molestias
872 2012 1027 2100 objecturi
1045 2025 1167 2087 essent3
1189 2013 1307 2078 hebere
1325 2026 1369 2080 et-

324 2102 347 2137 “
362 2096 424 2162 iem
503 2123 557 2164 um
576 2099 803 2188 probabilitatis
823 2122 968 2166 somnum
982 2099 1102 2166 Priami
1116 2111 1149 2165 et
1161 2099 1310 2179 reditum,
1325 2112 1367 2180 et,

325 2190 347 2223 “
361 2122 589 2273 quodpadorpus
611 2185 759 2252 Hectoris
779 2209 836 2274 per
857 2198 906 2252 tot
928 2185 995 2252 dies
1016 2185 1209 2275 insepultum
1231 2199 1265 2252 et
1287 2186 1367 2269 mele

325 2277 347 2310 “
362 2270 532 2336 multetu'm
551 2273 657 2361 potuit
670 2297 735 2338 esse
749 2273 995 2361 incorruptum.''
1040 2275 1123 2338 Sunt
1143 2273 1221 2340 haec
1237 2273 1367 2361 judicie,

321 2355 347 2422 si
360 2358 456 2424 modo
477 2358 585 2424 odium
607 2383 772 2434 commune
793 2358 1081 2448 grammaticorum,
1096 2359 1138 2426 de
1151 2383 1217 2448 quo
1231 2359 1366 2428 Vitruvii

318 2445 421 2594 praef.
436 2445 509 2511 libri
524 2448 603 2513 VIl.
621 2446 756 2512 videnda
769 2461 827 2526 est,
843 2470 883 2512 ex
898 2445 1028 2514 veritate
1042 2469 1080 2511 ee
1093 2446 1134 2511 ad
1149 2469 1207 2512 nos
1224 2447 1372 2534 pertulit,

342 2531 454 2596 ominis
473 2556 537 2598 non
553 2533 754 2614 recordantis,
770 2558 803 2599 se
816 2534 850 2598 in
869 2546 963 2622 poeta
977 2533 1094 2598 versari
1114 2531 1203 2620 epioo
1223 2534 1369 2622 antiquo,

317 2628 351 2681 et
369 2618 412 2682 ad
433 2632 539 2684 rerum
560 2619 755 2685 mirationem
776 2620 881 2686 omnia
901 2632 1082 2708 comparate
1095 2643 1172 2699 esse,
1187 2632 1219 2686 et
1233 2643 1300 2686 esse
1314 2621 1366 2688 de-

317 2703 411 2781 bere3
440 2727 503 2770 non
528 2718 634 2771 sutem
659 2704 692 2771 in
716 2706 864 2774 historico
890 2705 1069 2772 recentioris
1094 2706 1215 2788 aetatis,
1243 2706 1279 2772 in
1301 2732 1366 2795 quo

317 2803 402 2858 recte
415 2791 489 2858 telin
503 2791 611 2880 quaeri
624 2793 744 2882 possint
752 2807 774 2857 ὃ.
821 2796 875 2859 Ite
888 2806 993 2858 temen
1013 2792 1183 2860 sexcenties
1198 2806 1363 2882 peccatum

316 2877 411 2951 estin
425 2878 531 2944 critice
544 2879 727 2960 exercende,
743 2893 827 2946 utet
848 2879 970 2968 generis
994 2891 1026 2944 et
1043 2879 1153 2957 aetatis
1167 2892 1199 2945 et
1213 2881 1363 2960 sermonis

216 3003 218 3008 ,
315 2963 511 3032 immemores
525 2977 581 3032 sut
594 2966 696 3054 ignari
707 2980 810 3046 essent
822 2966 855 3047 ii,
868 2966 924 3055 qui
935 2965 1027 3032 velde
1037 2966 1122 3033 acuti
1133 2965 1192 3032 sibi
1202 2991 1269 3034 esse
1277 2969 1362 3034 vide·

313 3051 431 3134 bantur
445 3052 478 3116 in
491 3053 560 3118 fetu
573 3052 691 3141 ingenii
701 3053 845 3142 quemvis
858 3053 1018 3142 praeclaro
1032 3053 1192 3125 elevando.
1217 3055 1361 3145 Respon-

314 3137 431 3204 derunt
444 3139 487 3204 ad
500 3139 559 3206 iste
574 3139 656 3214 Zoili
672 3140 747 3206 olim
767 3140 837 3206 elii:
921 3153 985 3206 tem
1003 3140 1072 3228 jem
1092 3139 1218 3209 monitis
1240 3141 1291 3208 his
1311 3166 1361 3210 oc·

314 3225 449 3292 cttrrisse'
462 3226 506 3292 διά
519 3253 550 3303 re
565 3227 638 3292 θέίων
652 3226 815 3336 sperem,
830 3255 869 3293 κα
893 3231 937 3292 διὰ
957 3227 1117 3307 δεξιότητος,
1132 3228 1181 3304 real
1200 3229 1232 3292 δι’
1249 3227 1358 3318 ὀνείρου,

313 3312 421 3379 saltn
454 3311 499 3378 lov
513 3312 617 3411 τςόπων
632 3314 729 3388 &labor
742 3317 829 3401 mirri.
1348 3313 1371 3327 ⁰

260 3399 267 3406 “
356 3338 452 3467 Zoili
470 3396 606 3478 dimnm,
630 3398 656 3464 si
676 3399 809 3466 eliorum
830 3398 1106 3487 grammaticorum
1127 3410 1237 3466 notate
1254 3401 1298 3468 ad
1314 3401 1361 3476 db

311 3505 402 3570 verse
414 3484 599 3572 rhapsodias
612 3484 681 3554 lo'ce
696 3488 784 3572 (nem
804 3485 959 3565 universe,
974 3497 1014 3550 ut
1027 3486 1096 3573 jem
1109 3485 1230 3552 dictum
1245 3501 1305 3569 est,
1318 3488 1358 3554 de

311 3582 380 3644 tote
399 3571 567 3660 rhapsodia,
584 3572 663 3638 nihil
681 3573 901 3662 pronuntient)
917 3585 1042 3662 reputo,
1057 3572 1125 3638 loca
1143 3572 1227 3640 enim
1241 3573 1357 3642 iterum

309 3657 483 3724 exscribere
503 3658 591 3724 haud
608 3673 709 3740 vacet,
732 3683 859 3748 unaque
881 3662 953 3724 cuin
972 3658 1010 3723 iis
1028 3682 1075 3739 ee,
1094 3681 1176 3746 quoe
1194 3683 1234 3726 ex
1251 3674 1359 3728 rece‘n-

309 3743 426 3812 tiorum
447 3745 577 3811 lectione
598 3747 749 3814 memoris
769 3761 871 3826 teneo,
886 3767 1050 3833 competo:
1075 3745 1209 3814 redermt
1227 3747 1295 3814 fere
1309 3771 1358 3814 re-

339 3928 351 3951 ¹
367 3918 468 3980 Miceris
477 3919 576 3968 Zoilum
587 3935 642 3969 non
654 3921 743 3984 legisse
753 3921 809 3970 Αιί-
849 3921 876 3968 in
897 3935 936 3978 eo,
956 3919 1026 3982 quod
1044 3919 1120 3970 semel
1140 3920 1233 3970 seenrm
1255 3921 1355 3984 aliquod

307 3984 420 4034 stotelem
429 3985 459 4034 de
468 3985 592 4048 poetices.
602 3987 644 4045 24,
652 3987 675 4034 6.
688 3987 729 4034 ubi
739 3986 813 4034 dixe.
849 3984 974 4048 probabile
983 3985 1064 4033 visum
1073 3989 1099 4033 et
1108 3986 1227 4035 creditum
1239 3993 1287 4045 est,
1296 3996 1354 4050 ergo

305 4055 355 4108 ret,
379 4049 405 4096 el
426 4049 553 4109 θανμιηδν
580 4051 720 4114 negoedioe
744 4065 807 4109 esse,
849 4051 987 4112 etreliqua
1008 4049 1156 4102 indesidem
1174 4051 1354 4101 foenererixet

311 4113 341 4130 ’“
454 4117 480 4165 ἰ
517 4133 526 4162 ι
591 4116 770 4182 rejiceret*
782 4116 809 4164 cl
847 4115 1083 4178 riqneincidnent,
1096 4115 1216 4172 emtionis
1231 4117 1352 4178 ruentem

304 4179 390 4241 ἄλογον
403 4177 427 4227 δι’
438 4179 450 4227 l
461 4179 574 4242 σνμβιιῖιιι
590 4182 697 4242 (sintice
714 4180 740 4227 re*
754 4182 808 4227 dan·
847 4188 945 4292 poetam
956 4194 986 4229 ea
1001 4187 1137 4242 temperare
1151 4196 1179 4230 ac
1192 4181 1299 4231 diluere:
1319 4180 1366 4228 ἦν’

303 4243 399 4304 pande.
430 4245 506 4296 Porro
518 4245 548 4292 ut
559 4244 642 4307 hoya·
650 4261 699 4294 non
710 4247 737 4296 in
748 4248 806 4308 poe'·
885 4247 933 4300 τοῒς·
945 4245 1025 4296 ἄλλως
1040 4246 1133 4306 hydris
1143 4247 1154 4292 ὃ
1166 4245 1257 4300 tunde
1272 4243 1349 4308 ὀμί-

304 4311 516 4369 teeeermonibus,
526 4311 567 4359 sed
579 4311 605 4359 in
617 4311 690 4362 rebus
701 4311 807 4362 emtis
862 4311 910 4371 u‚‘
932 4311 939 4328 '
967 4309 1114 4360 veldense.

303 4388 358 4424 esse
370 4374 472 4432 debere;
489 4375 655 4426 defensionem
671 4392 701 4425 er
717 4377 806 4426 hebere
