3008 5056
473 375 549 442 An
566 357 715 440 minu.
738 373 776 440 Σ.
800 374 887 438 las..
1108 375 1196 446 raa

149 558 232 626 suut,
248 566 318 612 oom
342 559 477 613 utamus.
522 529 706 634 Utrumque
726 567 827 635 genus
848 567 911 610 nou
933 543 1052 610 nisiex
1073 545 1196 613 disertis

148 645 259 720 poetae
273 571 378 700 verius
390 633 646 700 constituendum
660 657 726 702 esse
739 632 884 711 arbitror,
898 631 974 719 quia
994 633 1052 698 has
1070 632 1193 700 dierum

147 719 323 785 notationes
337 733 445 821 aperte
459 721 493 786 in
506 745 544 786 co
557 743 719 786 occurrere
733 719 889 784 videmus.

190 806 298 872 Luem
319 807 428 907 igitur,
450 832 491 872 ex
511 806 636 895 piaculo
656 805 690 870 in
711 807 902 872 sacerdotem
923 803 1092 905 Apollinis,
1108 829 1195 872 eum-

148 915 211 978 que
233 894 418 982 supplicem,
435 894 534 973 ῖκέτην,
549 893 669 968 factum
690 893 864 971 commisso,
879 891 1011 956 Acluvis
1025 892 1195 958 immissam

148 1001 231 1043 unus
253 979 363 1046 saltem
384 979 451 1045 dies
472 979 654 1045 antecedere
675 978 795 1058 debuit,
833 1002 876 1043 uo
891 978 1029 1067 Chryses
1046 979 1080 1044 in
1097 980 1196 1045 Achi-

148 1061 260 1130 vorum
279 1080 380 1132 castra
398 1066 485 1133 venit
505 1079 537 1131 et
558 1065 780 1133 contumeliose
852 1068 1090 1164 Agamemnone
1107 1065 1196 1132 habi-

149 1161 209 1230 tus,
225 1174 301 1272 mox
311 1153 446 1218 'domum
460 1153 562 1218 redux
576 1151 719 1240 Apollini
735 1151 932 1239 supplicavit.
964 1153 1018 1216 En
1032 1154 1111 1217 dian
1129 1153 1194 1237 pri-

148 1259 246 1302 mum.
621 1257 632 1284 s

168 1410 177 1432 x
191 1325 280 1436 Lpes
291 1347 348 1408 per
364 1325 415 1396 IX
428 1326 494 1390 dies
508 1337 555 1390 est
568 1337 721 1414 grassata:
738 1330 774 1387 A.
790 1326 833 1389 53
848 1327 964 1411 ἐννῆμαρ
974 1326 1026 1407 μὲν
1040 1329 1093 1390 ἀνὰ
1106 1351 1195 1414 arpa·
1302 1327 1309 1336 ’

149 1414 485 1564 ”illffllll'll
499 1459 624 1562 renue
644 1497 768 1562 habia:
792 1519 836 1560 vs.
858 1499 902 1562 54
920 1503 952 1584 a
971 1497 1070 1584 arura,
1086 1499 1108 1558 a
1122 1500 1196 1583 ἁγο-

146 1583 220 1669 plns
235 1584 401 1648 καλέσσατο
423 1586 492 1648 λαὸν
513 1584 680 1670 Ἀχιλλεύς.
696 1583 730 1647 in
744 1607 781 1647 ea
797 1582 907 1670 jurgia
926 1583 1008 1648 inter
1022 1585 1193 1670 Agamem-

147 1691 260 1734 nonem
283 1683 315 1734 et
335 1669 511 1745 Achillem
535 1670 628 1734 missa
643 1671 670 1734 C
733 1669 791 1734 seis
806 1669 847 1733 ad
861 1684 995 1757 patrem,
1010 1668 1126 1734 Briseis
1140 1667 1194 1734 ali-

147 1755 244 1821 ducta
257 1757 299 1821 ab
314 1756 458 1832 Achille;
482 1780 548 1856 qua
567 1755 684 1844 injuria
697 1756 704 1769 ”
731 1780 748 1820 e
762 1769 924 1844 permotus
939 1756 1137 1822 secessionem
1153 1756 1193 1820 ab
1262 1814 1268 1820 .

147 1843 280 1908 Achivis
299 1843 384 1923 facit,
401 1843 572 1908 Thetrdem
593 1855 725 1908 matrem
748 1857 867 1922 exarat,
883 1856 920 1909 ut
941 1842 1092 1908 rdtionem
1113 1842 1195 1930 inju-

146 1928 209 1992 riae
228 1935 252 1993 ἢ
272 1931 359 1994 Jove
377 1930 544 2018 efflagitet3
568 1929 613 1996 ait
629 1929 684 1994 illa
704 1931 819 1995 Iovem
838 1932 974 1995 hesterno
995 1931 1046 1994 die
1067 1929 1108 1994 ad
1130 1931 1195 1994 Ae·
1233 1991 1235 2005 ,

147 2015 412 2104 thiopesabiisse,
437 2039 494 2082 nec
516 2016 576 2082 nisi
600 2016 650 2080 die
670 2017 845 2081 duodecinw
868 2017 1044 2083 rediturum
1066 2040 1132 2080 esse
1152 2015 1194 2080 ad

147 2101 323 2254 fflyffipum
338 2127 399 2168 vss.
415 2107 479 2170 423
494 2127 554 2190 sq.⁴
576 2104 630 2168 Ita
648 2126 667 2167 a
687 2103 738 2168 die
760 2126 843 2168 nono
864 2118 1032 2192 computus
1045 2102 1194 2191 prooessit

237 2214 288 2254 em
491 2213 497 2224 ’
1266 2205 1272 2218 ·

190 2277 298 2342 ΧΧΙ.
315 2300 380 2365 qua
398 2277 510 2343 Thetis
532 2278 647 2341 Iovem
669 2277 832 2342 convenit:
856 2301 885 2341 v.
901 2279 973 2347 493.
1009 2276 1136 2342 Finitur
1157 2298 1195 2340 ea

146 2361 262 2428 diesin
274 2368 314 2427 A.
329 2377 407 2429 extr.
1151 2411 1154 2419 s

189 2449 292 2516 Nocte
306 2449 488 2538 insequente
504 2449 659 2515 somnium
673 2449 809 2514 mendax
830 2448 1009 2514 immittitur
1024 2451 1195 2538 Agamem-

146 2534 238 2600 noni:
263 2541 300 2605 Β,
315 2538 345 2600 1.
361 2560 426 2624 quo
439 2549 601 2624 permotus
614 2535 666 2600 ille

124 2633 130 2648 '
190 2623 308 2688 XXII
336 2623 388 2688 die
415 2635 485 2688 orto
509 2622 689 2688 concionem
712 2621 848 2698 habet²;
866 2601 977 2688 'tentat
1001 2577 1194 2686 Achivorum
1317 2672 1320 2676 .
1443 2667 1447 2671 -

146 2707 267 2774 animos
288 2709 400 2776 stolide
423 2707 572 2774 simulans
592 2707 668 2773 belli
692 2708 850 2783 taedium3
874 2731 1015 2797 represso
1039 2707 1195 2774 concionis

146 2794 189 2859 ad'
200 2794 341 2860 reditum
355 2795 529 2860 festinantis
542 2795 664 2883 impetu
678 2795 782 2882 copias
796 2795 829 2860 in
843 2795 940 2860 aciem
960 2794 1076 2873 educit,
1091 2806 1195 2881 parat-¹

168 2904 209 2945 ue
247 2904 270 2946 u
315 2905 374 2947 aru.

146 2905 168 2970 q
190 2905 246 3034 Iti
263 2905 366 3050 ἔξω
387 2991 495 3054 pugna
520 2969 620 3044 factm
644 2968 828 3055 primusque
849 2969 1017 3041 adrerum
1039 2987 1193 3030 summam

146 3067 290 3141 spectans
304 3054 381 3135 dies,
395 3077 460 3140 qua
473 3077 522 3119 res
535 3054 672 3142 geritur:
685 3054 725 3118 Il.
734 3059 769 3117 Γ.
785 3054 827 3119 ad
841 3059 882 3118 H.
893 3057 965 3120 380.
976 3053 1106 3141 primoe
1120 3076 1192 3141 pro-

146 3140 309 3205 vocatione
321 3153 468 3240 pugnant
482 3140 649 3206 Menelaus
665 3152 697 3205 et
712 3140 802 3204 Paris
817 3140 859 3205 Il.
874 3146 908 3204 Γ.
925 3140 1000 3204 inde
1012 3139 1192 3221 commissae

146 3249 259 3292 manus
281 3250 456 3315 promlscue
471 3233 507 3292 Δ.
524 3226 588 3292 446
603 3251 648 3314 sq.
676 3229 845 3314 Pugnatur
858 3226 945 3292 varia
964 3226 1103 3308 fortuna,
1117 3225 1193 3313 ipsis

147 3313 206 3378 diis
221 3337 349 3402 pugnae
364 3338 396 3379 se
409 3313 642 3402 ingerentibus3
666 3336 775 3401 pugna
788 3313 870 3378 inter
883 3313 1012 3402 Ajacem
1027 3325 1060 3388 et
1074 3313 1193 3378 Hecto-

146 3423 214 3464 rem
229 3400 364 3466 diremta
376 3424 440 3466 nox
456 3400 637 3488 supervenit
650 3404 691 3463 H.
708 3402 773 3470 293
787 3401 834 3479 νὺξ
849 3403 870 3462 δ’
885 3401 931 3486 ἤδη
946 3400 1057 3467 τελέθει.
1074 3399 1193 3486 agitan-

148 3499 201 3552 tur
215 3485 365 3575 utrinque
379 3486 507 3552 consilia
519 3487 560 3552 de
572 3485 706 3550 induciis
720 3485 919 3573 paciscendis.

191 3575 339 3639 XXIII.
365 3574 520 3640 Convenit
534 3573 575 3638 de
588 3571 739 3637 induciis:
763 3579 803 3636 H.
820 3574 882 3636 381
899 3572 978 3650 ἠῶθεν
993 3572 1014 3634 δ’
1029 3573 1127 3647 Ἰδαῖος
1143 3571 1192 3651 ἔβη

92 3737 100 3745 1
149 3665 226 3724 κατὰ
241 3667 304 3738 νῆας
317 3663 455 3747 Ἀχαιῶν.
481 3659 563 3724 Inde
576 3682 597 3723 a
610 3683 655 3723 vs.
672 3661 733 3722 tal
752 3659 796 3742 (v.
809 3659 900 3723 Obss.
916 3657 958 3722 ad
971 3658 1004 3722 h.
1017 3660 1063 3744 v.)
1080 3657 1194 3723 tollun-

149 3757 202 3810 tur
216 3769 348 3834 corpora
361 3760 394 3811 et
407 3759 503 3812 noctu
517 3745 699 3834 insequente
714 3747 1008 3810 cremantur-432.
1033 3758 1106 3824 tum

191 3834 319 3898 XXIV
341 3832 394 3898 illa
415 3832 598 3912 humantur,
620 3830 774 3918 simulque
793 3831 911 3896 Achivi
932 3830 1050 3895 vallum
1071 3829 1193 3910 ducunt

149 3941 191 3982 vs.
209 3922 274 3984 433
289 3927 356 4008 squ
373 3919 530 4006 usquead
543 3915 812 4006 vesperam-465
821 3922 842 3980 θ’.
889 3920 1039 3982 Ceterum
1057 3916 1134 3980 haec
1147 3929 1194 3981 est

180 4118 282 4166 *Schol
294 4118 324 4166 Α.
337 4117 368 4166 sd
379 4117 409 4166 B.
420 4118 451 4165 48
463 4123 589 4180 computat
599 4116 651 4166 dies
691 4123 717 4166 et
734 4117 823 4164 xxlv,
837 4117 1020 4179 perpetratand
1037 4129 1113 4166 tinum
1130 4114 1195 4166 diem

150 4181 247 4230 XXIII.
257 4180 312 4230 lina
323 4181 363 4242 μὶν
372 4181 442 4248 piget
455 4183 494 4234 riis
505 4179 598 4240 pilulas,
610 4179 650 4226 ld-
691 4182 800 4232 revocari
812 4189 930 4244 possunt3
945 4186 1083 4230 cremantur
1092 4193 1196 4240 ‚corpora

148 4241 201 4294 &a
213 4250 255 4294 civ
269 4246 319 4294 tadu
332 4247 352 4292 ta
362 4245 465 4310 Altaaaelq
479 4245 549 4294 Ivaun-
567 4244 612 4296 tn
623 4248 651 4292 ὲ·
692 4261 743 4296 non
762 4246 810 4296 nisi
829 4252 919 4302 noem,
936 4253 1045 4294 extrema
1062 4249 1133 4294 nocte
1150 4243 1195 4292 sub

150 4312 230 4362 »πολὺ
242 4310 302 4362 αὕτη
314 4331 330 4358 τ
343 4309 380 4362 ten
388 4311 429 4360 ul
439 4311 528 4362 ,tract
538 4311 592 4359 lm.
692 4311 826 4366 diluculum
839 4311 893 4373 rogi
910 4311 1117 4372 deflagrarerantz
1136 4315 1196 4358 tunc

181 4374 261 4426 bNou
272 4332 413 4426 tacili'hacc
421 4377 553 4428 amutadie
561 4375 650 4426 xxm
691 4377 790 4432 demum
810 4377 840 4424 de
859 4375 1000 4426 haamadore
1020 4374 1122 4440 cogitari
1143 4381 1197 4437 not-

730 4461 751 4503 lt
