2998 5052
506 380 584 454 ,sn
608 379 757 446 rursu.
781 384 821 443 o.
1134 333 1198 450 asi

149 563 206 618 tan
229 571 304 618 uam
323 550 485 640 epilogum
506 552 624 618 Iliados
645 551 822 632 habendam
842 573 907 635 esse
922 549 1111 639 Odysseam.
1140 553 1198 640 ¹In

151 639 169 702 1
184 637 190 651 '
235 661 254 704 e
268 637 330 708 ulia
344 638 445 726 repeti
458 662 497 704 ex
512 639 670 727 prioribus
684 639 784 719 annis,
796 638 867 727 ipss
885 660 935 702 res
953 635 1144 725 postulabat,
1160 652 1198 705 ut

147 737 311 792 ostentum
330 724 363 789 in
377 725 499 792 Aulide
514 733 550 792 B.
566 728 631 792 300
650 739 683 791 et
703 725 799 806 classe
821 725 958 790 solvente
978 721 1048 788 vela
1061 747 1106 790 vs.
1122 727 1196 791 350.

147 811 238 898 quod
253 813 286 877 in
301 812 441 878 Menelai
497 812 593 878 atium
614 813 711 890 duces
731 812 774 878 sd
794 835 833 876 ex
898 811 1024 878 'tionem
1045 831 1197 877 convene-

147 911 221 962 rant
234 903 274 964 A.
291 901 363 964 150.
387 923 432 988 qu
494 903 585 973 Juno
602 899 810 988 expeditionis
850 923 895 966 ux
916 912 948 964 et
964 909 1074 964 auctor
1092 897 1196 964 fuerat

147 991 184 1048 A.
203 983 247 1050 06
261 997 293 1050 et
309 986 457 1052 Minerva
472 993 507 1052 Ε.
519 989 591 1056 715.
616 987 724 1054 Marte
737 983 771 1052 in
786 986 963 1068 societatem
979 995 1135 1074 pertracto
1148 1009 1194 1050 vs

146 1073 222 1137 830.
246 1078 272 1137 οἶ
284 1075 345 1160 usgl
359 1074 517 1158 Τυνδάρεων
529 1061 608 1160 iperi
619 1096 700 1161 quos
713 1073 813 1151 aiunt,
829 1078 865 1137 B.
880 1069 953 1138 086.
977 1061 1065 1158 quod
1079 1071 1197 1138 Nestor

145 1157 382 1306 apud‘Peleum
396 1158 573 1226 deverterat
585 1173 659 1224 ante
672 1159 896 1246 profectionem
911 1163 951 1222 Η.
969 1161 1042 1227 107.
1065 1158 1196 1224 Ducum
1231 1201 1234 1208 ·

145 1243 292 1330 goriatio
305 1244 338 1308 in
352 1245 455 1310 insuls
469 1247 593 1310 Lemno
608 1251 648 1310 Θ.
666 1249 738 1311 030.
762 1249 863 1311 Porro
877 1268 1010 1332 eaquae
1024 1245 1141 1312 Nestor
1155 1245 1195 1311 de

146 1354 179 1396 se
201 1344 355 1404 memorat
371 1355 389 1396 e
406 1332 564 1420 prioribus
583 1331 674 1398 aunis
691 1339 732 1396 A.
745 1330 810 1398 060
825 1355 870 1420 sq.
893 1354 1003 1420 pugna
1021 1333 1195 1398 Centauro·

145 1418 591 1592 Allbltpllllmrssl
607 1417 1195 1578 lhl‘ill‘sshblllllltn

145 1589 243 1656 Pindi
266 1613 298 1656 se
319 1592 470 1680 recepisse
492 1606 598 1680 narrat
619 1591 685 1680 ipse
706 1581 830 1679 poetar
846 1597 880 1654 B.
901 1593 973 1674 743,
995 1594 1025 1676 4.
1048 1589 1130 1680 adde
1152 1591 1192 1656 de

143 1677 325 1765 Eurytione
344 1681 505 1744 Centauro
525 1679 606 1745 mule
627 1678 765 1760 mulcato
783 1702 804 1742 a
822 1679 873 1742 La
894 1676 969 1742 ithis
983 1673 1044 1744 Od.
1060 1683 1099 1741 Φ.
1114 1680 1190 1748 095

144 1760 263 1850 Pugna
276 1763 441 1864 Pyliorum
461 1788 534 1830 curn
548 1765 730 1832 Arcadibus
742 1765 775 1829 in
789 1787 854 1852 qua
871 1701 1114 1830 ltreuthalions
1127 1765 1192 1832 Ne.

143 1863 229 1914 sture
250 1873 369 1924 ooctsus
392 1851 431 1917 Il.
447 1857 489 1916 H.
505 1855 570 1929 130
582 1875 656 1938 sqq.
681 1859 717 1916 A.
734 1853 807 1922 319.
830 1849 950 1917 bellum
973 1849 1138 1938 Pylioruui
1159 1843 1192 1916 et

144 1934 311 2022 Epeorum
323 1942 361 2002 A.
372 1936 437 2009 669
451 1961 519 2025 sqq.
534 1938 676 2026 inprimis
690 1938 729 2002 cf.
746 1961 790 2003 vs.
803 1940 877 2006 714.
889 1942 919 2002 5.
934 1939 1006 2005 700.
1020 1935 1093 2005 756.
1108 1935 1192 2004 adde

144 2023 312 2091 Nestorem
333 2023 472 2110 praemia
492 2037 722 2112 consequutum
740 2025 773 2090 in
794 2023 878 2090 ludis
891 2022 1078 2089 funebribus
1092 2026 1192 2090 Ama-

142 2109 262 2260 chei,
285 2111 447 2197 Epeomm
469 2111 562 2200 regis,
574 2117 616 2177 Ψ.
631 2110 705 2184 609.
744 2110 909 2178 Phoenicis
928 2133 979 2175 res
1000 2124 1032 2176 et
1052 2133 1142 2176 casus
1164 2119 1191 2176 1..

262 2245 270 2260 .
304 2198 445 2270 -Norrata
464 2198 505 2263 de
527 2200 559 2264 Τ
582 2198 634 2263 661
654 2198 809 2286 legatione
827 2198 870 2264 ad
887 2197 1060 2264 Thebanos
1072 2206 1109 2263 Δ.
1125 2199 1191 2267 370

142 2303 189 2369 sq.
210 2288 247 2346 Ε.
260 2285 322 2348 801
339 2307 384 2372 sq.
405 2289 443 2348 K.
458 2282 531 2350 085.
552 2289 588 2354 Ξ.
603 2287 666 2350 113
681 2309 726 2373 sq.
748 2299 903 2374 perpetua
915 2285 1027 2350 comite
1042 2283 1191 2352 Minerva

142 2375 180 2432 Δ.
196 2371 270 2440 390.
316 2370 368 2436 De
386 2373 498 2436 Aenea
518 2371 560 2436 ab
577 2371 703 2436 Achille
723 2373 836 2460 fugato
853 2378 890 2436 Υ.
907 2373 972 2439 187
990 2395 1035 2457 sq.
1058 2370 1099 2435 de
1120 2369 1190 2459 ejus

139 2453 232 2542 equis
248 2461 283 2518 Ε.
294 2455 366 2524 065.
382 2458 469 2545 quod
480 2458 626 2522 Priamus
639 2457 783 2524 interfuit
933 2457 1101 2545 Phrygum
1115 2479 1189 2524 cum

141 2541 369 2609 Amazonibus.
415 2545 468 2610 Ita
484 2544 525 2608 dc
543 2542 676 2609 urbibus
695 2545 737 2610 ab
750 2547 785 2609 A
819 2480 1005 2610 1116616166
1018 2548 1042 2606 l.
1057 2542 1124 2608 308
1139 2563 1188 2632 sq.

141 2628 341 2716 Ganymedis
352 2643 463 2718 raptus
476 2630 545 2696 iisd.
557 2653 615 2694 vss.
631 2632 733 2696 Porro
746 2631 787 2696 de
800 2629 962 2714 reddenda
976 2625 1102 2705 Helena
1115 2653 1189 2696 con-

140 2713 210 2780 silia
224 2715 343 2804 Trojae
356 2727 426 2788 acta
439 2721 476 2780 A.
493 2718 566 2782 100.
582 2718 647 2782 138
661 2729 693 2784 et
707 2717 832 2806 Ulyssis
845 2716 960 2806 legatio
974 2716 1015 2784 ad
1031 2717 1188 2805 Trojanos

140 2805 176 2864 Γ.
197 2803 271 2867 005.
315 2802 440 2870 Pun'dis
464 2826 538 2868 cum
555 2803 686 2869 Helena
711 2803 868 2892 navigatio
892 2803 1040 2870 Sidonem
1067 2807 1101 2866 Z.
1121 2805 1188 2890 090

139 2887 230 2974 quod
247 2888 337 2956 Paris
355 2911 429 2954 cum
450 2889 576 2955 Helena
594 2889 695 2956 multa
712 2891 847 2974 κτήματα
866 2889 1042 2955 abduxerat
1054 2893 1094 2953 N.
1111 2887 1185 2956 606.

138 2977 174 3036 Γ.
192 2975 244 3043 70.
281 2975 460 3042 Narrantur
480 2999 526 3063 qu
628 2976 823 3064 antiquiora.
837 2998 919 3063 quse
939 2975 981 3042 ad
1001 2997 1052 3040 res
1073 2973 1187 3042 Iliacas

138 3058 228 3124 haud
242 3073 395 3150 spectant,
404 3074 448 3136 ¹ut
461 3063 502 3130 de
517 3065 564 3128 Be
587 3062 759 3150 erophonte
773 3067 809 3126 Z.
825 3065 890 3127 154
904 3085 949 3149 sq.
982 3058 1106 3126 Praelia
1120 3063 1186 3126 Cu-

137 3158 245 3226 retum
259 3160 292 3214 et
305 3148 496 3215 Aetolorum
510 3161 543 3214 et
556 3149 633 3214 urbs
648 3148 794 3237 Calydon
807 3171 850 3237 op
872 3159 1001 3236 ugnats,
1016 3152 1041 3210 1.
1056 3149 1123 3212 524
1137 3171 1183 3236 sq.

140 3233 280 3306 Rhodus
293 3235 419 3303 condita
432 3258 453 3301 a
464 3235 650 3324 Tlepolemo
664 3241 699 3300 B.
709 3235 783 3304 657.
798 3235 839 3299 66
886 3231 989 3318 ercule
1004 3245 1078 3299 suut
1091 3232 1187 3322 plura

137 3318 208 3386 loca
221 3319 357 3401 classica
371 3327 406 3386 E.
423 3325 489 3393 390
502 3345 548 3410 sq.
563 3319 629 3398 Ι638
644 3345 689 3409 sq.
713 3326 753 3387 Θ.
770 3319 835 3398 360
848 3345 905 3409 sq.
917 3325 955 3388 Λ.
972 3319 1045 3386 688
1069 3322 1188 3410 Ξρο49.

138 3403 1185 3594 110161.Τ15.6.1.·,“1061.1.11ῖ6.

137 3577 260 3654 mahm3
279 3592 382 3667 potest
396 3603 434 3646 ea
447 3581 527 3646 chus
541 3605 589 3647 vrr
602 3581 715 3659 ¹doctus
728 3581 905 3661 observare,
919 3594 952 3648 et
964 3602 999 3646 m
1011 3577 1122 3645 classes
1135 3602 1186 3656 re.

137 3664 255 3752 digere.
292 3666 473 3742 Occurrunt
485 3679 590 3732 tamen
603 3680 635 3732 et
648 3667 682 3731 in
695 3665 746 3730 his
759 3665 910 3732 nonnulle
920 3665 1020 3732 ¹serius
1032 3663 1130 3746 illata,
1145 3681 1184 3733 ut

136 3750 187 3825 66,
194 3750 318 3823 Paridis
333 3751 560 3831 116161οο08.
576 3765 609 3832 et
623 3752 663 3820 de
677 3763 798 3821 tentata
808 3751 850 3820 ab
861 3750 993 3820 Achivis
1007 3751 1184 3832 escensione

132 3835 292 3910 inmunis
306 3840 324 3905 1
338 3837 356 3853 ’‘
374 3845 410 3907 E.
419 3841 491 3916 ,400
499 3843 550 3928 sq.
691 3911 696 3918 ,
910 3917 914 3924 ,
1158 3914 1161 3923 ,

181 3925 272 3995 0661,
280 3924 422 4002 duo'sint
433 3926 622 4014 ,mythorum
639 3949 765 4016 genera,
780 3927 914 3994 alterum
932 3927 1182 4015 narrationuma

135 4009 309 4097 majoribus
321 4025 519 4100 accepturum
533 4013 575 4078 66
588 4035 694 4079 rerum
708 4014 837 4094 eventis,
847 4015 982 4080 alterurn
995 4012 1182 4101 opinionum

133 4095 257 4196 priscae
270 4099 380 4164 aetatis
393 4098 622 4178 et.Hellenicae
636 4100 741 4252 stirpis
754 4125 790 4166 ac
804 4100 983 4200 Pelasgiotis
996 4095 1114 4187 gentis:
1138 4089 1186 4164 de.

134 4181 255 4332 ppytlus
276 4207 316 4248 ex
336 4187 542 4274 oosmogoniis
560 4187 668 4276 petitis
713 4188 809 4256 ’otum
828 4201 881 4271 est
893 4209 927 4268 tn
940 4187 1089 4268 Exclusa
1105 4184 1185 4270 1211„

191 4274 228 4334 Ψ.
248 4270 288 4333 66
306 4271 454 4358 allegoria
468 4273 641 4342 Homerica.
687 4275 738 4340 De
760 4273 913 4354 historicis
932 4284 1039 4338 sutem
1060 4269 1180 4360 mythis

134 4355 346 4436 memorabilis
364 4371 412 4425 est
432 4359 618 4441 observatio,
632 4383 714 4511 qipa
735 4373 768 4427 et
787 4359 855 4427 aliis
875 4355 966 4428 facile
986 4359 1020 4425 in
1041 4370 1178 4428 mentem

628 4467 648 4510 u
