2998 5052
506 381 739 444 mssERr.
766 380 813 444 II.
1122 376 1188 441 ‘s’ssl
1293 477 1296 484 .

56 616 58 618 ,
143 548 257 614 tionem
279 550 521 638 grammaticam.
566 554 651 618 Nam
670 555 847 618 Homerum
860 551 989 639 quidem
1004 551 1076 638 quis
1090 550 1189 616 nescit
1230 605 1235 616 .

143 635 243 700 multa
268 637 342 702 talia
362 637 477 702 addere
500 640 683 727 generatim,
705 641 750 704 rei
770 638 945 704 accuratius
966 637 1194 702 describendae·

142 745 267 788 caussa:
292 746 381 811 quae·
395 725 436 789 ob
460 725 493 789 id
513 725 627 812 ipsum,
647 727 736 814 quod
756 725 929 814 generatim
952 723 1113 803 dicuntur,
1171 747 1188 788 r
1286 734 1288 740 ’

142 806 346 874 indicativum
367 810 542 899 adjicienda
559 826 652 877 sunt:
676 813 766 878 etita
779 835 901 900 semper
913 811 967 876 fit:
991 809 1089 874 veluti
1105 747 1186 874 llil.

143 897 216 958 440.
241 897 339 975 νήπιον,
356 896 429 961 οὔπω
444 899 518 962 εἰδόθ’
534 900 637 982 ὁμοιΐου
658 899 800 983 πολέμοιο,
816 901 868 962 οὐδ’
884 903 903 960 ἂ
927 896 1019 982 ορὲιον,
1035 897 1080 960 ἵνα
1094 898 1119 960 π’
1135 893 1186 980 οἶν-

141 983 198 1066 δρες
220 983 376 1068 ἀριπρεπέες
397 985 560 1058 τελέθουσιν.
607 984 731 1050 Deinde
750 1009 825 1050 vero
842 985 875 1048 in
894 925 955 1046 illis
972 982 1058 1061 lociS,
1073 982 1129 1071 qni
1144 979 1188 1046 al-

140 1065 196 1130 lati
211 1081 295 1147 sunt,
307 1091 348 1133 ne
358 1085 487 1158 propter
499 1094 624 1136 sensum
639 1071 767 1158 quidem
779 1071 897 1168 ubique
908 1069 1126 1156 conjunctivus
1141 1092 1188 1133 re-

141 1153 217 1238 poni
230 1168 342 1240 potest.
367 1156 470 1221 Possit
484 1156 535 1220 ille
549 1158 624 1222 ferri
634 1159 667 1222 in
682 1157 741 1236 his,
756 1158 789 1221 in
803 1158 920 1244 qulbus
934 1169 991 1235 est,
1007 1155 1051 1219 ὅτε
1065 1183 1096 1219 τε
1111 1155 1188 1240 γλά-

138 1264 190 1321 γος
202 1238 300 1326 ἄγγεα
315 1243 392 1322 δεύει,
407 1241 451 1306 ὅτε
466 1245 643 1330 λαβρότατον
653 1243 811 1331 χέειῦὃωρ,
827 1243 870 1305 ὅτε
885 1242 1046 1330 φρίσσουσιν
1061 1239 1187 1328 ἄρουραι,

140 1323 165 1388 si
189 1347 252 1390 non
274 1327 417 1392 universe
435 1329 650 1416 intelligantur
665 1331 705 1394 de
719 1355 766 1410 eo,
783 1329 870 1416 quod
884 1328 917 1392 in
931 1352 1015 1408 vere,
1031 1328 1064 1392 in
1078 1340 1189 1392 auctu-

140 1433 226 1491 mno,
237 1413 270 1484 in
282 1428 384 1500 segete
395 1415 584 1491 fieri‘soleat3
602 1417 656 1480 sed
668 1417 692 1481 si
703 1416 744 1481 de
754 1415 868 1482 muscis
881 1429 950 1484 tum
960 1438 1035 1480 vasa
1045 1413 1188 1479 obsiden-

140 1497 236 1578 tibus,
247 1523 348 1586 quum
359 1501 479 1566 fuerint
486 1502 661 1568 madefacta
670 1503 765 1578 lacte;
782 1503 822 1567 de
837 1502 962 1568 turbine
973 1514 1042 1566 tum
1056 1500 1186 1578 oriente,

139 1583 166 1648 si
181 1586 309 1671 quando
322 1585 426 1686 largos
440 1589 555 1652 imbres
563 1590 678 1655 fundat
692 1592 716 1674 J
717 1588 857 1678 uppiter;
874 1588 915 1652 de
928 1611 998 1652 rore
1013 1601 1082 1652 tum
1097 1586 1189 1675 spicis

140 1671 341 1753 adhaerente,
358 1675 531 1763 sranando
553 1690 656 1764 segete
677 1677 826 1742 horreant
844 1675 954 1763 campi.
1000 1674 1099 1738 Plane
1112 1696 1188 1736 vero

140 1757 290 1823 abhorret
306 1761 524 1826 con'unctivus
537 1764 578 1828 ab
593 1763 729 1850 reliquis.
775 1765 871 1841 Nam,
886 1776 923 1826 ut
937 1761 997 1825 hoc
1012 1777 1094 1838 utar,
1109 1757 1189 1846 quid

140 1842 228 1931 longi
251 1845 317 1910 dies
405 1855 569 1914 oestrum?
600 1863 658 1915 aut
678 1849 750 1936 quis
776 1849 890 1914 Latine
915 1847 1070 1911 dicentem
1096 1845 1187 1921 ferat,

138 1944 243 1995 oestro
257 1933 353 1998 boves
367 1934 478 2021 agitari
493 1959 590 2000 verno
604 1950 755 2024 tempore,
767 1958 867 2022 quum
877 1932 996 1997 fuerint
1010 1931 1096 2018 longi
1110 1929 1188 2007 dice,

140 2039 199 2081 nec
220 2018 325 2092 videat
343 2020 512 2086 dicendum
534 2028 610 2101 esse,
626 2041 716 2107 qnam
729 2034 800 2085 soret
815 2017 928 2105 longi?
951 2020 993 2082 In
1014 2017 1113 2082 altero
1134 2039 1216 2080 au-.

140 2117 206 2184 tem
220 2103 300 2184 loco,
313 2106 348 2169 in
363 2130 428 2195 quo
442 2107 551 2172 eadem
566 2109 663 2172 verba
677 2119 761 2186 sunt,
778 2129 903 2172 sensum
918 2105 1046 2192 quidem
1061 2103 1190 2192 praebe-

140 2202 191 2254 ret
204 2192 434 2276 conjunctivus,
450 2193 505 2258 sed
519 2193 655 2259 alienum
676 2195 716 2259 ab
737 2192 797 2258 loci
816 2192 906 2258 istius
925 2205 1047 2256 natura.
1092 2192 1189 2265 Nunc

140 2275 225 2340 enim
245 2277 386 2365 Ulysses‚
402 2279 571 2345 indicativo
592 2305 679 2359 usus,
694 2281 755 2345 hoc
777 2279 863 2359 dicit,
878 2279 903 2344 si
925 2278 983 2343 sibi
1004 2275 1188 2342 certandum
1292 2295 1293 2300 ’

140 2386 215 2428 cum
231 2365 451 2453 ‘Eurymacho
476 2367 516 2431 sit
540 2391 635 2454 opere
663 2367 813 2431 faciundo
837 2365 918 2428 veris
947 2377 1098 2462 tempore,
1124 2385 1189 2450 quo

139 2447 229 2536 longi
248 2464 321 2514 sunt
345 2451 422 2531 dies,
437 2453 493 2517 diu
516 2477 556 2518 ue
576 2477 701 2518 manere
722 2453 756 2516 in
777 2475 870 2540 opere
888 2451 970 2530 licet,
988 2461 1137 2514 victorem
1156 2470 1189 2512 se

140 2557 208 2599 esse
221 2536 377 2614 futurum.
422 2477 517 2618 Quod
532 2540 558 2604 si
571 2538 772 2628 conjunctivo
787 2561 863 2604 usus
877 2551 967 2615 esset,
982 2537 1042 2600 hoc
1056 2534 1185 2600 diceret:

141 2623 171 2684 si
192 2626 369 2688 certandum
390 2627 475 2690 nobis
495 2628 536 2692 sit
559 2638 691 2709 tempore
710 2649 811 2704 uerno,
827 2647 918 2709 quum
933 2625 997 2687 dies
1020 2623 1103 2708 longi
1115 2619 1191 2703 sue-

139 2709 214 2786 rint,
238 2711 357 2774 vincam
382 2734 461 2798 ego:
483 2736 549 2798 quo
573 2713 734 2777 videretur
759 2710 999 2799 Eurymachum
1025 2709 1058 2773 in
1082 2707 1190 2806 proxi·
1251 2731 1255 2742 ¹

140 2817 232 2858 mum
248 2819 303 2859 ver
324 2797 366 2862 ad
383 2812 539 2864 certamen
559 2823 739 2897 provocare.
784 2797 879 2877 Quod
894 2796 919 2860 si
932 2796 982 2860 his
996 2795 1029 2858 in
1043 2795 1118 2859 locis
1132 2792 1190 2858 fal-

141 2903 196 2944 sus
213 2881 295 2946 foret
309 2884 542 2972 conjunctivus,
557 2909 591 2949 m
610 2886 739 2973 reliquis
759 2897 864 2949 autem
885 2882 964 2948 mori
985 2896 1096 2969 poetae
1117 2903 1190 2944 con-

141 2967 267 3046 trarius,
283 2972 413 3057 posthac
426 2971 572 3036 immotos
586 2995 677 3060 spero
691 2971 875 3037 indicativos
889 2991 1052 3033 mansuros
1066 2989 1148 3045 esse·

187 3056 276 3132 Quae
290 3057 385 3121 modo
407 3058 447 3122 de
467 3059 623 3146 particula
643 3058 697 3138 ὅτε,
713 3080 809 3157 supra
825 3070 931 3121 autem
946 3055 987 3120 de
1000 3054 1037 3118 iis
1053 3053 1200 3142 perticus

140 3139 180 3204 lis
194 3154 237 3206 ¹et
261 3145 510 3230 pronominibus,
532 3145 648 3232 quibus
670 3145 712 3210 ad
735 3142 969 3208 slmilitudinem
990 3140 1189 3205 indicandam

140 3227 244 3292 utitur
267 3231 439 3311 Homerus,
466 3232 550 3297 dicta
575 3245 659 3310 sunt,
683 3231 793 3296 eedem
818 3230 923 3294 omnia
945 3227 1029 3292 dicta
1052 3224 1125 3290 volo
1150 3223 1191 3288 de
1213 3284 1216 3289 ,

140 3315 380 3401 pronominibus
394 3317 422 3394 ὃς
437 3330 469 3382 et
483 3318 509 3394 ὅς
523 3343 563 3381 πε.
609 3320 694 3383 Nam
716 3317 793 3382 haec
815 3339 942 3405 quoque
957 3313 1061 3412 tetigit
1076 3311 1191 3376 Thier-

107 3415 110 3419 '
141 3400 257 3480 sebius,
273 3403 329 3489 qui
349 3403 383 3467 in
404 3405 507 3493 primo
527 3405 664 3484 illorum,
680 3405 720 3469 de
741 3403 858 3491 quibus
879 3402 974 3467 modo
995 3400 1192 3487 disputatum
1275 3423 1285 3436 ·

140 3499 199 3566 eet,
215 3486 366 3567 locorum,
381 3514 412 3578 p.
425 3493 476 3559 17.
491 3490 554 3578 legi
568 3491 648 3571 vult,
664 3493 725 3555 alre
740 3498 816 3554 καποὶ
831 3491 954 3570 σταθμὸν
968 3488 1104 3568 ποιμνήϊον
1119 3483 1189 3561 ἡλίο-

141 3599 259 3652 σιιιοσιν,
275 3574 470 3663 similemque
491 3577 696 3642 mutationem
715 3577 809 3642 etiam
826 3575 893 3641 aliis
907 3575 940 3636 in
954 3571 1030 3636 locis
1043 3593 1076 3634 se
1090 3569 1192 3634 factu-

142 3681 215 3722 rum
242 3660 403 3747 significat.
449 3666 498 3728 At
522 3663 690 3728 rectissime
715 3663 836 3750 positus
862 3673 909 3725 est
931 3657 1130 3737 indicativus,
1152 3668 1191 3720 ut

143 3769 209 3832 quo
224 3747 322 3811 solere
335 3747 380 3812 ita
393 3748 461 3814 fieri
474 3750 639 3814 indicetur.
684 3751 767 3815 Nam
783 3747 839 3814 ubi
853 3746 941 3811 dere
956 3756 1041 3810 certa
1054 3767 1191 3831 vereque
1243 3822 1245 3825 Ι

143 3843 296 3912 exstante,
312 3834 363 3899 vel
377 3835 418 3900 de
432 3860 478 3915 ea,
491 3859 573 3923 quae
588 3836 665 3902 solet
679 3835 757 3916 lieri,
772 3835 823 3900 vel
836 3834 876 3899 de
890 3843 1092 3921 permanente
1106 3843 1191 3894 statu

144 3941 246 3982 sermo
267 3932 324 4001 est,
340 3922 541 4001 necessarius,
557 3937 595 3988 ut
615 3923 744 4010 ubique,
763 3921 809 3986 ita
829 3921 922 3986 etiam
943 3920 977 3983 in
998 3915 1191 4005 pronominis

143 4028 205 4070 usu
218 4005 406 4073 indicativus
419 4021 492 4073 ests
520 4009 589 4074 Ubi
609 4024 716 4075 autem
738 4009 778 4074 de
800 4007 950 4095 singulari
968 4006 1052 4068 facto
1072 4001 1189 4090 agitur,

143 4092 344 4179 conjunctivo
357 4093 445 4159 loeus
460 4109 517 4174 est,
532 4119 589 4162 nec
604 4109 719 4175 tamen,
734 4108 772 4161 ut
785 4093 972 4176 excludatur
990 4088 1189 4166 indicativus,

143 4179 203 4243 nisi
218 4179 243 4242 si
257 4179 411 4263 admissus
432 4205 498 4246 rem
520 4181 702 4270 ambiguam
722 4183 843 4248 reddat.
868 4178 906 4242 Il.
922 4184 959 4242 Ψ.
975 4179 1048 4245 517.
1065 4175 1146 4240 ὅσσον
1161 4176 1189 4238 δὲ

143 4272 249 4351 τροχοῦ
263 4266 342 4340 ἵππος
352 4267 526 4351 ἀφίσταται,
542 4268 568 4343 ὅς
583 4271 619 4356 pai
633 4273 658 4333 π’
673 4269 783 4332 ἄνακτα
799 4267 909 4342 ἕλκῃσιν
923 4262 1021 4328 πεδίοιο
1036 4261 1190 4345 τιταινόμε-

143 4371 184 4427 νος
200 4353 250 4416 σὺν
265 4351 391 4439 ὄχεσφιν.
436 4353 593 4420 Licuisset
613 4354 664 4420 hic
686 4358 777 4420 etiam
801 4331 969 4417 indicativo
987 4350 1045 4426 uti,
1061 4372 1126 4435 quo
1141 4371 1196 4412 res*
