<?xml version="1.0" encoding="UTF-8"?>
<!DOCTYPE html PUBLIC "-//W3C//DTD XHTML 1.0 Transitional//EN"
    "http://www.w3.org/TR/xhtml1/DTD/xhtml1-transitional.dtd">
<html xmlns="http://www.w3.org/1999/xhtml" xml:lang="en" lang="en">
 <head>
  <title>
</title>
<meta http-equiv="Content-Type" content="text/html;charset=utf-8" />
  <meta name='ocr-system' content='tesseract 3.04.00' />
  <meta name='ocr-capabilities' content='ocr_page ocr_carea ocr_par ocr_line ocrx_word'/>
</head>
<body>
  <div class='ocr_page' id='page_1' title='image "./excursusinhomer00hermgoog_0108.png"; bbox 0 0 3008 5056; ppageno 0'>
   <div class='ocr_carea' id='block_1_1' title="bbox 385 379 1162 457">
    <p class='ocr_par' dir='ltr' id='par_1_1' title="bbox 385 379 1162 457">
     <span class='ocr_line' id='line_1_1' title="bbox 385 379 1162 457; baseline 0.018 -14"><span class='ocrx_word' id='word_1_1' title='bbox 385 379 453 443; x_wconf 91' lang='lat' dir='ltr'><strong>AD</strong></span> <span class='ocrx_word' id='word_1_2' title='bbox 475 379 625 448; x_wconf 85' lang='lat' dir='ltr'>1L1AD.</span> <span class='ocrx_word' id='word_1_3' title='bbox 655 381 693 450; x_wconf 82' lang='grc' dir='ltr'><strong>Ξ.</strong></span> <span class='ocrx_word' id='word_1_4' title='bbox 716 380 789 448; x_wconf 74' lang='lat'>214.</span> <span class='ocrx_word' id='word_1_5' title='bbox 812 381 885 453; x_wconf 73' lang='lat'>219.</span> <span class='ocrx_word' id='word_1_6' title='bbox 1102 387 1162 457; x_wconf 55' lang='grc' dir='ltr'><strong>ιω</strong></span> 
     </span>
    </p>
   </div>
   <div class='ocr_carea' id='block_1_2' title="bbox 125 550 1197 2710">
    <p class='ocr_par' dir='ltr' id='par_1_2' title="bbox 125 550 1197 2710">
     <span class='ocr_line' id='line_1_2' title="bbox 131 550 1165 702; baseline 0.006 -86"><span class='ocrx_word' id='word_1_7' title='bbox 131 550 227 702; x_wconf 70' lang='lat' dir='ltr'><strong>prium</strong></span> <span class='ocrx_word' id='word_1_8' title='bbox 249 573 314 616; x_wconf 77' lang='lat' dir='ltr'><strong>esse</strong></span> <span class='ocrx_word' id='word_1_9' title='bbox 335 550 389 630; x_wconf 85' lang='lat' dir='ltr'><strong>ait,</strong></span> <span class='ocrx_word' id='word_1_10' title='bbox 415 551 672 651; x_wconf 77' lang='lat' dir='ltr'><strong>quondoquidem</strong></span> <span class='ocrx_word' id='word_1_11' title='bbox 693 561 726 618; x_wconf 89' lang='lat' dir='ltr'><strong>et</strong></span> <span class='ocrx_word' id='word_1_12' title='bbox 747 552 808 618; x_wconf 76' lang='lat' dir='ltr'><strong>alia</strong></span> <span class='ocrx_word' id='word_1_13' title='bbox 828 551 919 641; x_wconf 80' lang='lat' dir='ltr'><strong>signo</strong></span> <span class='ocrx_word' id='word_1_14' title='bbox 938 551 1104 620; x_wconf 85' lang='lat' dir='ltr'><strong>mulierum</strong></span> <span class='ocrx_word' id='word_1_15' title='bbox 1127 577 1165 622; x_wconf 73' lang='lat' dir='ltr'><strong>uc</strong></span> 
     </span>
     <span class='ocr_line' id='line_1_3' title="bbox 141 637 1163 726; baseline 0.007 -25"><span class='ocrx_word' id='word_1_16' title='bbox 141 653 250 702; x_wconf 68' lang='lat' dir='ltr'><strong>&#39;eorum</strong></span> <span class='ocrx_word' id='word_1_17' title='bbox 271 637 380 702; x_wconf 88' lang='lat' dir='ltr'><strong>eodem</strong></span> <span class='ocrx_word' id='word_1_18' title='bbox 401 637 519 724; x_wconf 81' lang='lat' dir='ltr'><strong>duplici</strong></span> <span class='ocrx_word' id='word_1_19' title='bbox 532 638 659 726; x_wconf 82' lang='lat' dir='ltr'><strong>cingulo</strong></span> <span class='ocrx_word' id='word_1_20' title='bbox 672 637 733 704; x_wconf 74' lang='lat' dir='ltr'><strong>alic</strong></span> <span class='ocrx_word' id='word_1_21' title='bbox 753 639 847 709; x_wconf 73' lang='lat' dir='ltr'><strong>etiam</strong></span> <span class='ocrx_word' id='word_1_22' title='bbox 865 640 958 706; x_wconf 87' lang='lat' dir='ltr'><strong>unico</strong></span> <span class='ocrx_word' id='word_1_23' title='bbox 970 640 1025 706; x_wconf 93' lang='lat' dir='ltr'><strong>illo</strong></span> <span class='ocrx_word' id='word_1_24' title='bbox 1038 641 1163 708; x_wconf 74' lang='lat' dir='ltr'><strong>femori-</strong></span> 
     </span>
     <span class='ocr_line' id='line_1_4' title="bbox 131 723 1161 814; baseline 0.007 -27"><span class='ocrx_word' id='word_1_25' title='bbox 131 724 185 788; x_wconf 89' lang='lat' dir='ltr'><strong>bus</strong></span> <span class='ocrx_word' id='word_1_26' title='bbox 208 725 331 788; x_wconf 80' lang='lat' dir='ltr'><strong>admoto</strong></span> <span class='ocrx_word' id='word_1_27' title='bbox 356 723 504 811; x_wconf 77' lang='lat' dir='ltr'><strong>insignite</strong></span> <span class='ocrx_word' id='word_1_28' title='bbox 529 737 610 788; x_wconf 79' lang='lat' dir='ltr'><strong>sunt</strong></span> <span class='ocrx_word' id='word_1_29' title='bbox 656 725 743 804; x_wconf 82' lang='lat' dir='ltr'><strong>Quid</strong></span> <span class='ocrx_word' id='word_1_30' title='bbox 768 727 856 813; x_wconf 94' lang='lat' dir='ltr'><strong>quod</strong></span> <span class='ocrx_word' id='word_1_31' title='bbox 883 727 1048 814; x_wconf 72' lang='lat' dir='ltr'><strong>vulgatum</strong></span> <span class='ocrx_word' id='word_1_32' title='bbox 1071 727 1161 808; x_wconf 88' lang='lat' dir='ltr'><strong>illud,</strong></span> 
     </span>
     <span class='ocr_line' id='line_1_5' title="bbox 131 808 1163 900; baseline 0.004 -26"><span class='ocrx_word' id='word_1_33' title='bbox 131 833 232 874; x_wconf 78' lang='lat' dir='ltr'><strong>conum</strong></span> <span class='ocrx_word' id='word_1_34' title='bbox 244 813 366 890; x_wconf 73' lang='lat' dir='ltr'><strong>soluere,</strong></span> <span class='ocrx_word' id='word_1_35' title='bbox 380 809 422 874; x_wconf 78' lang='lat' dir='ltr'><strong>od</strong></span> <span class='ocrx_word' id='word_1_36' title='bbox 435 808 558 874; x_wconf 91' lang='lat' dir='ltr'><strong>nullum</strong></span> <span class='ocrx_word' id='word_1_37' title='bbox 573 809 671 890; x_wconf 81' lang='lat' dir='ltr'><strong>aliud,</strong></span> <span class='ocrx_word' id='word_1_38' title='bbox 684 833 781 898; x_wconf 78' lang='lat' dir='ltr'><strong>quam</strong></span> <span class='ocrx_word' id='word_1_39' title='bbox 794 811 957 900; x_wconf 78' lang='lat' dir='ltr'><strong>cingulum</strong></span> <span class='ocrx_word' id='word_1_40' title='bbox 971 813 1052 878; x_wconf 82' lang='lat' dir='ltr'><strong>eirca</strong></span> <span class='ocrx_word' id='word_1_41' title='bbox 1065 813 1163 878; x_wconf 80' lang='lat' dir='ltr'><strong>femo-</strong></span> 
     </span>
     <span class='ocr_line' id='line_1_6' title="bbox 130 895 1161 984; baseline 0.008 -26"><span class='ocrx_word' id='word_1_42' title='bbox 130 916 169 974; x_wconf 78' lang='lat' dir='ltr'><strong>re,</strong></span> <span class='ocrx_word' id='word_1_43' title='bbox 195 911 317 984; x_wconf 79' lang='lat' dir='ltr'><strong>spectat.</strong></span> <span class='ocrx_word' id='word_1_44' title='bbox 363 897 438 960; x_wconf 84' lang='lat' dir='ltr'><strong>Non</strong></span> <span class='ocrx_word' id='word_1_45' title='bbox 461 895 538 960; x_wconf 76' lang='lat' dir='ltr'><strong>haec</strong></span> <span class='ocrx_word' id='word_1_46' title='bbox 562 897 706 984; x_wconf 81' lang='lat' dir='ltr'><strong>ignorare</strong></span> <span class='ocrx_word' id='word_1_47' title='bbox 731 898 836 984; x_wconf 89' lang='lat' dir='ltr'><strong>potuit</strong></span> <span class='ocrx_word' id='word_1_48' title='bbox 861 899 1161 966; x_wconf 83' lang='lat' dir='ltr'><strong>Winckelmennus:</strong></span> 
     </span>
     <span class='ocr_line' id='line_1_7' title="bbox 129 981 1160 1070; baseline 0.006 -24"><span class='ocrx_word' id='word_1_49' title='bbox 129 981 178 1068; x_wconf 88' lang='lat' dir='ltr'><strong>qui</strong></span> <span class='ocrx_word' id='word_1_50' title='bbox 192 983 281 1048; x_wconf 78' lang='lat' dir='ltr'><strong>etiam</strong></span> <span class='ocrx_word' id='word_1_51' title='bbox 294 995 447 1048; x_wconf 75' lang='lat' dir='ltr'><strong>msertum</strong></span> <span class='ocrx_word' id='word_1_52' title='bbox 462 1005 555 1046; x_wconf 89' lang='lat' dir='ltr'><strong>suum</strong></span> <span class='ocrx_word' id='word_1_53' title='bbox 569 982 731 1070; x_wconf 75' lang='lat' dir='ltr'><strong>posthaec</strong></span> <span class='ocrx_word' id='word_1_54' title='bbox 745 983 778 1048; x_wconf 91' lang='lat' dir='ltr'><strong>in</strong></span> <span class='ocrx_word' id='word_1_55' title='bbox 792 985 881 1048; x_wconf 82' lang='lat' dir='ltr'><strong>Mon.</strong></span> <span class='ocrx_word' id='word_1_56' title='bbox 898 995 963 1050; x_wconf 82' lang='lat' dir='ltr'><strong>aot.</strong></span> <span class='ocrx_word' id='word_1_57' title='bbox 978 986 1058 1050; x_wconf 80' lang='lat' dir='ltr'><strong>ined.</strong></span> <span class='ocrx_word' id='word_1_58' title='bbox 1076 988 1113 1051; x_wconf 93' lang='lat' dir='ltr'><strong>P.</strong></span> <span class='ocrx_word' id='word_1_59' title='bbox 1131 989 1160 1052; x_wconf 91' lang='grc' dir='ltr'><strong>Ι.</strong></span> 
     </span>
     <span class='ocr_line' id='line_1_8' title="bbox 129 1067 1160 1156; baseline 0.003 -22"><span class='ocrx_word' id='word_1_60' title='bbox 129 1091 155 1156; x_wconf 89' lang='lat' dir='ltr'><strong>p.</strong></span> <span class='ocrx_word' id='word_1_61' title='bbox 170 1072 217 1138; x_wconf 76' lang='lat'><strong>87.</strong></span> <span class='ocrx_word' id='word_1_62' title='bbox 235 1069 336 1156; x_wconf 91' lang='lat' dir='ltr'><strong>(quod</strong></span> <span class='ocrx_word' id='word_1_63' title='bbox 357 1082 440 1133; x_wconf 85' lang='lat' dir='ltr'><strong>recte</strong></span> <span class='ocrx_word' id='word_1_64' title='bbox 454 1069 512 1132; x_wconf 88' lang='lat' dir='ltr'><strong>Vir</strong></span> <span class='ocrx_word' id='word_1_65' title='bbox 532 1067 645 1134; x_wconf 82' lang='lat' dir='ltr'><strong>doctus</strong></span> <span class='ocrx_word' id='word_1_66' title='bbox 659 1068 692 1134; x_wconf 89' lang='lat' dir='ltr'><strong>in</strong></span> <span class='ocrx_word' id='word_1_67' title='bbox 709 1069 758 1132; x_wconf 88' lang='lat' dir='ltr'><strong>ed.</strong></span> <span class='ocrx_word' id='word_1_68' title='bbox 777 1072 871 1134; x_wconf 86' lang='lat' dir='ltr'><strong>Rom.</strong></span> <span class='ocrx_word' id='word_1_69' title='bbox 888 1073 975 1136; x_wconf 68' lang='lat' dir='ltr'><strong>Hor.</strong></span> <span class='ocrx_word' id='word_1_70' title='bbox 991 1082 1048 1136; x_wconf 83' lang='lat' dir='ltr'><strong>ort.</strong></span> <span class='ocrx_word' id='word_1_71' title='bbox 1066 1073 1160 1138; x_wconf 91' lang='lat' dir='ltr'><strong>Tom.</strong></span> 
     </span>
     <span class='ocr_line' id='line_1_9' title="bbox 130 1154 1162 1244; baseline 0.004 -24"><span class='ocrx_word' id='word_1_72' title='bbox 130 1157 154 1220; x_wconf 92' lang='lat' dir='ltr'><strong>l.</strong></span> <span class='ocrx_word' id='word_1_73' title='bbox 168 1177 197 1243; x_wconf 91' lang='lat' dir='ltr'><strong>p.</strong></span> <span class='ocrx_word' id='word_1_74' title='bbox 212 1160 276 1220; x_wconf 59' lang='lat'><strong>412</strong></span> <span class='ocrx_word' id='word_1_75' title='bbox 292 1159 413 1240; x_wconf 86' lang='lat' dir='ltr'><strong>monet)</strong></span> <span class='ocrx_word' id='word_1_76' title='bbox 429 1155 470 1218; x_wconf 90' lang='lat' dir='ltr'><strong>ad</strong></span> <span class='ocrx_word' id='word_1_77' title='bbox 490 1154 578 1241; x_wconf 81' lang='lat' dir='ltr'><strong>signe</strong></span> <span class='ocrx_word' id='word_1_78' title='bbox 596 1168 722 1220; x_wconf 80' lang='lat' dir='ltr'><strong>revocat</strong></span> <span class='ocrx_word' id='word_1_79' title='bbox 736 1157 876 1236; x_wconf 89' lang='lat' dir='ltr'><strong>Veneris,</strong></span> <span class='ocrx_word' id='word_1_80' title='bbox 892 1157 926 1222; x_wconf 90' lang='lat' dir='ltr'><strong>in</strong></span> <span class='ocrx_word' id='word_1_81' title='bbox 946 1157 1062 1244; x_wconf 88' lang='lat' dir='ltr'><strong>quibus</strong></span> <span class='ocrx_word' id='word_1_82' title='bbox 1084 1158 1162 1224; x_wconf 82' lang='lat' dir='ltr'><strong>infe-</strong></span> 
     </span>
     <span class='ocr_line' id='line_1_10' title="bbox 128 1239 1162 1330; baseline 0.008 -26"><span class='ocrx_word' id='word_1_83' title='bbox 128 1241 187 1306; x_wconf 79' lang='lat' dir='ltr'><strong>rius</strong></span> <span class='ocrx_word' id='word_1_84' title='bbox 199 1243 256 1307; x_wconf 86' lang='lat' dir='ltr'><strong>hoe</strong></span> <span class='ocrx_word' id='word_1_85' title='bbox 270 1241 443 1328; x_wconf 82' lang='lat' dir='ltr'><strong>cingulum,</strong></span> <span class='ocrx_word' id='word_1_86' title='bbox 459 1239 534 1306; x_wconf 75' lang='lat' dir='ltr'><strong>alies</strong></span> <span class='ocrx_word' id='word_1_87' title='bbox 549 1242 608 1306; x_wconf 78' lang='lat' dir='ltr'><strong>cub</strong></span> <span class='ocrx_word' id='word_1_88' title='bbox 623 1242 763 1308; x_wconf 75' lang='lat' dir='ltr'><strong>undante</strong></span> <span class='ocrx_word' id='word_1_89' title='bbox 777 1241 847 1306; x_wconf 84' lang='lat' dir='ltr'><strong>sinu</strong></span> <span class='ocrx_word' id='word_1_90' title='bbox 862 1243 971 1323; x_wconf 75' lang='lat' dir='ltr'><strong>latens,</strong></span> <span class='ocrx_word' id='word_1_91' title='bbox 986 1243 1091 1330; x_wconf 80' lang='lat' dir='ltr'><strong>polum</strong></span> <span class='ocrx_word' id='word_1_92' title='bbox 1107 1245 1162 1314; x_wconf 76' lang='lat' dir='ltr'><strong>ad.</strong></span> 
     </span>
     <span class='ocr_line' id='line_1_11' title="bbox 129 1326 1162 1427; baseline 0.002 -35"><span class='ocrx_word' id='word_1_93' title='bbox 129 1329 239 1416; x_wconf 84' lang='lat' dir='ltr'><strong>spectui</strong></span> <span class='ocrx_word' id='word_1_94' title='bbox 260 1328 445 1427; x_wconf 74' lang='lat' dir='ltr'><strong>subjiciturt</strong></span> <span class='ocrx_word' id='word_1_95' title='bbox 469 1327 527 1392; x_wconf 82' lang='lat' dir='ltr'><strong>etsi</strong></span> <span class='ocrx_word' id='word_1_96' title='bbox 549 1351 606 1398; x_wconf 87' lang='lat' dir='ltr'><strong>neo</strong></span> <span class='ocrx_word' id='word_1_97' title='bbox 627 1328 687 1392; x_wconf 89' lang='lat' dir='ltr'><strong>hoc</strong></span> <span class='ocrx_word' id='word_1_98' title='bbox 707 1326 741 1392; x_wconf 91' lang='lat' dir='ltr'><strong>in</strong></span> <span class='ocrx_word' id='word_1_99' title='bbox 763 1329 908 1394; x_wconf 89' lang='lat' dir='ltr'><strong>omnibus</strong></span> <span class='ocrx_word' id='word_1_100' title='bbox 922 1330 1052 1396; x_wconf 84' lang='lat' dir='ltr'><strong>Veneris</strong></span> <span class='ocrx_word' id='word_1_101' title='bbox 1067 1330 1162 1418; x_wconf 70' lang='lat' dir='ltr'><strong>signio</strong></span> 
     </span>
     <span class='ocr_line' id='line_1_12' title="bbox 126 1413 1163 1564; baseline 0.006 -87"><span class='ocrx_word' id='word_1_102' title='bbox 126 1415 212 1502; x_wconf 86' lang='lat' dir='ltr'><strong>hujus</strong></span> <span class='ocrx_word' id='word_1_103' title='bbox 225 1437 348 1503; x_wconf 84' lang='lat' dir='ltr'><strong>genens</strong></span> <span class='ocrx_word' id='word_1_104' title='bbox 369 1413 522 1489; x_wconf 88' lang='lat' dir='ltr'><strong>occurrit;</strong></span> <span class='ocrx_word' id='word_1_105' title='bbox 547 1427 584 1478; x_wconf 86' lang='lat' dir='ltr'><strong>ut</strong></span> <span class='ocrx_word' id='word_1_106' title='bbox 604 1414 683 1478; x_wconf 83' lang='lat' dir='ltr'><strong>adeo</strong></span> <span class='ocrx_word' id='word_1_107' title='bbox 696 1413 756 1478; x_wconf 88' lang='lat' dir='ltr'><strong>hoc</strong></span> <span class='ocrx_word' id='word_1_108' title='bbox 772 1439 902 1564; x_wconf 73' lang='lat' dir='ltr'><strong>quoque</strong></span> <span class='ocrx_word' id='word_1_109' title='bbox 917 1417 1060 1480; x_wconf 83' lang='lat' dir='ltr'><strong>universe</strong></span> <span class='ocrx_word' id='word_1_110' title='bbox 1073 1439 1163 1505; x_wconf 77' lang='lat' dir='ltr'><strong>pruo-¹</strong></span> 
     </span>
     <span class='ocr_line' id='line_1_13' title="bbox 127 1499 1163 1589; baseline 0.004 -25"><span class='ocrx_word' id='word_1_111' title='bbox 127 1501 213 1566; x_wconf 77' lang='lat' dir='ltr'><strong>dicun</strong></span> <span class='ocrx_word' id='word_1_112' title='bbox 234 1515 379 1589; x_wconf 82' lang='lat' dir='ltr'><strong>nequeat.</strong></span> <span class='ocrx_word' id='word_1_113' title='bbox 424 1499 558 1565; x_wconf 89' lang='lat' dir='ltr'><strong>Videtur</strong></span> <span class='ocrx_word' id='word_1_114' title='bbox 579 1500 612 1564; x_wconf 91' lang='lat' dir='ltr'><strong>in</strong></span> <span class='ocrx_word' id='word_1_115' title='bbox 633 1500 683 1564; x_wconf 88' lang='lat' dir='ltr'><strong>his</strong></span> <span class='ocrx_word' id='word_1_116' title='bbox 699 1500 771 1564; x_wconf 80' lang='lat' dir='ltr'><strong>frou</strong></span> <span class='ocrx_word' id='word_1_117' title='bbox 793 1523 844 1564; x_wconf 91' lang='lat' dir='ltr'><strong>em</strong></span> <span class='ocrx_word' id='word_1_118' title='bbox 862 1502 964 1567; x_wconf 80' lang='lat' dir='ltr'><strong>facere</strong></span> <span class='ocrx_word' id='word_1_119' title='bbox 983 1502 1053 1582; x_wconf 89' lang='lat' dir='ltr'><strong>hoo,</strong></span> <span class='ocrx_word' id='word_1_120' title='bbox 1075 1503 1163 1588; x_wconf 94' lang='lat' dir='ltr'><strong>quod</strong></span> 
     </span>
     <span class='ocr_line' id='line_1_14' title="bbox 128 1585 1162 1676; baseline 0.006 -25"><span class='ocrx_word' id='word_1_121' title='bbox 128 1590 194 1652; x_wconf 73' lang='lat' dir='ltr'><strong>terti</strong></span> <span class='ocrx_word' id='word_1_122' title='bbox 206 1585 321 1652; x_wconf 78' lang='lat' dir='ltr'><strong>noinen</strong></span> <span class='ocrx_word' id='word_1_123' title='bbox 335 1611 396 1652; x_wconf 90' lang='lat' dir='ltr'><strong>usu</strong></span> <span class='ocrx_word' id='word_1_124' title='bbox 410 1586 604 1674; x_wconf 79' lang='lat' dir='ltr'><strong>frequentari</strong></span> <span class='ocrx_word' id='word_1_125' title='bbox 617 1585 719 1673; x_wconf 91' lang='lat' dir='ltr'><strong>coepit</strong></span> <span class='ocrx_word' id='word_1_126' title='bbox 740 1586 781 1650; x_wconf 91' lang='lat' dir='ltr'><strong>de</strong></span> <span class='ocrx_word' id='word_1_127' title='bbox 802 1587 896 1652; x_wconf 88' lang='lat' dir='ltr'><strong>unius</strong></span> <span class='ocrx_word' id='word_1_128' title='bbox 911 1586 1040 1653; x_wconf 88' lang='lat' dir='ltr'><strong>Veneris</strong></span> <span class='ocrx_word' id='word_1_129' title='bbox 1053 1587 1162 1676; x_wconf 73' lang='lat' dir='ltr'><strong>cingu-¹</strong></span> 
     </span>
     <span class='ocr_line' id='line_1_15' title="bbox 125 1672 1162 1760; baseline 0.004 -22"><span class='ocrx_word' id='word_1_130' title='bbox 125 1673 168 1748; x_wconf 82' lang='lat' dir='ltr'><strong>lo;</strong></span> <span class='ocrx_word' id='word_1_131' title='bbox 190 1695 260 1739; x_wconf 86' lang='lat' dir='ltr'><strong>oum</strong></span> <span class='ocrx_word' id='word_1_132' title='bbox 282 1688 389 1739; x_wconf 75' lang='lat' dir='ltr'><strong>temen</strong></span> <span class='ocrx_word' id='word_1_133' title='bbox 410 1672 528 1760; x_wconf 82' lang='lat' dir='ltr'><strong>cinguli</strong></span> <span class='ocrx_word' id='word_1_134' title='bbox 545 1672 686 1758; x_wconf 82' lang='lat' dir='ltr'><strong>ejusdem</strong></span> <span class='ocrx_word' id='word_1_135' title='bbox 704 1696 780 1737; x_wconf 84' lang='lat' dir='ltr'><strong>usus</strong></span> <span class='ocrx_word' id='word_1_136' title='bbox 801 1675 960 1738; x_wconf 88' lang='lat' dir='ltr'><strong>communi</strong></span> <span class='ocrx_word' id='word_1_137' title='bbox 974 1674 1162 1742; x_wconf 74' lang='lat' dir='ltr'><strong>femmarum</strong></span> 
     </span>
     <span class='ocr_line' id='line_1_16' title="bbox 126 1758 1162 1849; baseline 0.005 -26"><span class='ocrx_word' id='word_1_138' title='bbox 126 1783 203 1824; x_wconf 89' lang='lat' dir='ltr'><strong>more</strong></span> <span class='ocrx_word' id='word_1_139' title='bbox 223 1761 486 1849; x_wconf 75' lang='lat' dir='ltr'><strong>frequentaretur.</strong></span> <span class='ocrx_word' id='word_1_140' title='bbox 533 1761 647 1824; x_wconf 78' lang='lat' dir='ltr'><strong>Cestus</strong></span> <span class='ocrx_word' id='word_1_141' title='bbox 667 1758 774 1846; x_wconf 78' lang='lat' dir='ltr'><strong>itaque</strong></span> <span class='ocrx_word' id='word_1_142' title='bbox 800 1761 926 1824; x_wconf 87' lang='lat' dir='ltr'><strong>Veneris</strong></span> <span class='ocrx_word' id='word_1_143' title='bbox 950 1785 1042 1848; x_wconf 78' lang='lat' dir='ltr'><strong>saepe</strong></span> <span class='ocrx_word' id='word_1_144' title='bbox 1059 1761 1162 1828; x_wconf 74' lang='lat' dir='ltr'><strong>dous</strong></span> 
     </span>
     <span class='ocr_line' id='line_1_17' title="bbox 125 1845 1160 1933; baseline 0.002 -23"><span class='ocrx_word' id='word_1_145' title='bbox 125 1848 259 1928; x_wconf 80' lang='lat' dir='ltr'><strong>occurrit,</strong></span> <span class='ocrx_word' id='word_1_146' title='bbox 287 1869 445 1933; x_wconf 82' lang='lat' dir='ltr'><strong>nusquam</strong></span> <span class='ocrx_word' id='word_1_147' title='bbox 469 1869 555 1925; x_wconf 87' lang='lat' dir='ltr'><strong>vero,</strong></span> <span class='ocrx_word' id='word_1_148' title='bbox 583 1845 607 1910; x_wconf 85' lang='lat' dir='ltr'><strong>si</strong></span> <span class='ocrx_word' id='word_1_149' title='bbox 633 1847 713 1910; x_wconf 90' lang='lat' dir='ltr'><strong>bene</strong></span> <span class='ocrx_word' id='word_1_150' title='bbox 735 1845 873 1925; x_wconf 88' lang='lat' dir='ltr'><strong>memini,</strong></span> <span class='ocrx_word' id='word_1_151' title='bbox 892 1863 995 1912; x_wconf 83' lang='lat' dir='ltr'><strong>cestus</strong></span> <span class='ocrx_word' id='word_1_152' title='bbox 1016 1847 1160 1929; x_wconf 82' lang='lat' dir='ltr'><strong>feminae,</strong></span> 
     </span>
     <span class='ocr_line' id='line_1_18' title="bbox 126 1931 1162 2021; baseline 0.003 -25"><span class='ocrx_word' id='word_1_153' title='bbox 126 1955 176 1996; x_wconf 87' lang='lat' dir='ltr'><strong>nec</strong></span> <span class='ocrx_word' id='word_1_154' title='bbox 196 1934 271 1999; x_wconf 83' lang='lat' dir='ltr'><strong>dene</strong></span> <span class='ocrx_word' id='word_1_155' title='bbox 297 1933 387 2012; x_wconf 82' lang='lat' dir='ltr'><strong>alius,</strong></span> <span class='ocrx_word' id='word_1_156' title='bbox 411 1932 467 1998; x_wconf 87' lang='lat' dir='ltr'><strong>sed</strong></span> <span class='ocrx_word' id='word_1_157' title='bbox 487 1931 660 2019; x_wconf 86' lang='lat' dir='ltr'><strong>cingulum,</strong></span> <span class='ocrx_word' id='word_1_158' title='bbox 682 1931 814 2011; x_wconf 79' lang='lat' dir='ltr'><strong>balteus,</strong></span> <span class='ocrx_word' id='word_1_159' title='bbox 837 1955 927 2014; x_wconf 79' lang='lat' dir='ltr'><strong>zona,</strong></span> <span class='ocrx_word' id='word_1_160' title='bbox 945 1933 1042 2021; x_wconf 74' lang='grc' dir='ltr'><strong><em>μίτρα.</em></strong></span> <span class='ocrx_word' id='word_1_161' title='bbox 1088 1936 1162 1999; x_wconf 92' lang='lat' dir='ltr'><strong>Hoc</strong></span> 
     </span>
     <span class='ocr_line' id='line_1_19' title="bbox 126 2017 1162 2168; baseline 0.004 -87"><span class='ocrx_word' id='word_1_162' title='bbox 126 2019 212 2084; x_wconf 90' lang='lat' dir='ltr'><strong>modo</strong></span> <span class='ocrx_word' id='word_1_163' title='bbox 234 2019 477 2086; x_wconf 78' lang='lat' dir='ltr'><strong>controversiam</strong></span> <span class='ocrx_word' id='word_1_164' title='bbox 502 2041 687 2106; x_wconf 90' lang='lat' dir='ltr'><strong>componere</strong></span> <span class='ocrx_word' id='word_1_165' title='bbox 708 2017 742 2082; x_wconf 90' lang='lat' dir='ltr'><strong>in</strong></span> <span class='ocrx_word' id='word_1_166' title='bbox 761 2033 888 2168; x_wconf 64' lang='lat' dir='ltr'><strong>promtu</strong></span> <span class='ocrx_word' id='word_1_167' title='bbox 910 2032 965 2084; x_wconf 83' lang='lat' dir='ltr'><strong>est</strong></span> <span class='ocrx_word' id='word_1_168' title='bbox 1013 2022 1162 2107; x_wconf 86' lang='lat' dir='ltr'><strong>Superest</strong></span> 
     </span>
     <span class='ocr_line' id='line_1_20' title="bbox 125 2103 1162 2194; baseline 0.003 -26"><span class='ocrx_word' id='word_1_169' title='bbox 125 2104 247 2170; x_wconf 79' lang='lat' dir='ltr'><strong>alterum</strong></span> <span class='ocrx_word' id='word_1_170' title='bbox 270 2105 362 2194; x_wconf 92' lang='lat' dir='ltr'><strong>quod</strong></span> <span class='ocrx_word' id='word_1_171' title='bbox 382 2117 511 2170; x_wconf 67' lang='lat' dir='ltr'><strong>centum·</strong></span> <span class='ocrx_word' id='word_1_172' title='bbox 526 2103 654 2168; x_wconf 84' lang='lat' dir='ltr'><strong>Veneris</strong></span> <span class='ocrx_word' id='word_1_173' title='bbox 672 2103 769 2170; x_wconf 86' lang='lat' dir='ltr'><strong>Winc</strong></span> <span class='ocrx_word' id='word_1_174' title='bbox 792 2103 916 2170; x_wconf 84' lang='lat' dir='ltr'><strong>elmonn</strong></span> <span class='ocrx_word' id='word_1_175' title='bbox 937 2105 979 2170; x_wconf 84' lang='lat' dir='ltr'><strong>ad</strong></span> <span class='ocrx_word' id='word_1_176' title='bbox 999 2105 1162 2193; x_wconf 85' lang='lat' dir='ltr'><strong>cingulum</strong></span> 
     </span>
     <span class='ocr_line' id='line_1_21' title="bbox 126 2189 1162 2280; baseline 0.003 -27"><span class='ocrx_word' id='word_1_177' title='bbox 126 2189 245 2257; x_wconf 83' lang='lat' dir='ltr'><strong>inferius</strong></span> <span class='ocrx_word' id='word_1_178' title='bbox 258 2192 370 2258; x_wconf 84' lang='lat' dir='ltr'><strong>referri</strong></span> <span class='ocrx_word' id='word_1_179' title='bbox 384 2191 470 2266; x_wconf 91' lang='lat' dir='ltr'><strong>vult;</strong></span> <span class='ocrx_word' id='word_1_180' title='bbox 494 2190 528 2254; x_wconf 94' lang='lat' dir='ltr'><strong>in</strong></span> <span class='ocrx_word' id='word_1_181' title='bbox 541 2214 579 2254; x_wconf 93' lang='lat' dir='ltr'><strong>eo</strong></span> <span class='ocrx_word' id='word_1_182' title='bbox 593 2213 667 2254; x_wconf 90' lang='lat' dir='ltr'><strong>vero</strong></span> <span class='ocrx_word' id='word_1_183' title='bbox 681 2190 747 2279; x_wconf 89' lang='lat' dir='ltr'><strong>ipse</strong></span> <span class='ocrx_word' id='word_1_184' title='bbox 760 2204 855 2278; x_wconf 83' lang='lat' dir='ltr'><strong>poeta</strong></span> <span class='ocrx_word' id='word_1_185' title='bbox 870 2204 1026 2280; x_wconf 85' lang='lat' dir='ltr'><strong>repugnat</strong></span> <span class='ocrx_word' id='word_1_186' title='bbox 1041 2205 1162 2256; x_wconf 88' lang='lat' dir='ltr'><strong>senten-</strong></span> 
     </span>
     <span class='ocr_line' id='line_1_22' title="bbox 126 2275 1162 2356; baseline 0.002 -15"><span class='ocrx_word' id='word_1_187' title='bbox 126 2276 180 2342; x_wconf 78' lang='lat' dir='ltr'><strong>tiae</strong></span> <span class='ocrx_word' id='word_1_188' title='bbox 194 2278 468 2345; x_wconf 77' lang='lat' dir='ltr'><strong>Wincltelmanni&#39;:</strong></span> <span class='ocrx_word' id='word_1_189' title='bbox 492 2301 522 2340; x_wconf 81' lang='lat' dir='ltr'><strong>V.</strong></span> <span class='ocrx_word' id='word_1_190' title='bbox 539 2275 638 2352; x_wconf 62' lang='lat'>2142}</span> <span class='ocrx_word' id='word_1_191' title='bbox 660 2281 707 2342; x_wconf 76' lang='grc' dir='ltr'><strong>καὶ</strong></span> <span class='ocrx_word' id='word_1_192' title='bbox 723 2281 779 2341; x_wconf 76' lang='grc' dir='ltr'><strong>ἀπὸ</strong></span> <span class='ocrx_word' id='word_1_193' title='bbox 800 2278 947 2356; x_wconf 73' lang='grc' dir='ltr'><strong><em>στήθεσφιν</em></strong></span> <span class='ocrx_word' id='word_1_194' title='bbox 969 2277 1091 2342; x_wconf 71' lang='grc' dir='ltr'><strong>ἐλύσατο</strong></span> <span class='ocrx_word' id='word_1_195' title='bbox 1114 2303 1162 2343; x_wconf 80' lang='grc' dir='ltr'><strong>κε·</strong></span> 
     </span>
     <span class='ocr_line' id='line_1_23' title="bbox 126 2362 1160 2450; baseline 0.001 -23"><span class='ocrx_word' id='word_1_196' title='bbox 126 2367 184 2428; x_wconf 73' lang='grc' dir='ltr'><strong><em>στὸν</em></strong></span> <span class='ocrx_word' id='word_1_197' title='bbox 205 2366 319 2449; x_wconf 71' lang='grc' dir='ltr'><strong>ἱμάντα,</strong></span> <span class='ocrx_word' id='word_1_198' title='bbox 335 2375 497 2448; x_wconf 79' lang='lat' dir='ltr'><strong>opertere,</strong></span> <span class='ocrx_word' id='word_1_199' title='bbox 512 2386 577 2427; x_wconf 91' lang='lat' dir='ltr'><strong>non</strong></span> <span class='ocrx_word' id='word_1_200' title='bbox 590 2386 610 2427; x_wconf 84' lang='lat' dir='ltr'><strong>a</strong></span> <span class='ocrx_word' id='word_1_201' title='bbox 622 2362 749 2428; x_wconf 83' lang='lat' dir='ltr'><strong>femore.</strong></span> <span class='ocrx_word' id='word_1_202' title='bbox 794 2364 889 2442; x_wconf 83' lang='lat' dir='ltr'><strong>Quod</strong></span> <span class='ocrx_word' id='word_1_203' title='bbox 904 2366 968 2434; x_wconf 72' lang='lat'><strong>219</strong></span> <span class='ocrx_word' id='word_1_204' title='bbox 982 2370 1036 2450; x_wconf 76' lang='grc' dir='ltr'><strong>τεῷ</strong></span> <span class='ocrx_word' id='word_1_205' title='bbox 1050 2365 1160 2448; x_wconf 63' lang='lat' dir='ltr'><strong>lyndr-</strong></span> 
     </span>
     <span class='ocr_line' id='line_1_24' title="bbox 125 2449 1160 2547; baseline 0.004 -35"><span class='ocrx_word' id='word_1_206' title='bbox 125 2449 162 2512; x_wconf 76' lang='lat' dir='ltr'><strong>ln</strong></span> <span class='ocrx_word' id='word_1_207' title='bbox 186 2452 279 2538; x_wconf 70' lang='grc' dir='ltr'><strong>κόλπῳ</strong></span> <span class='ocrx_word' id='word_1_208' title='bbox 306 2450 481 2540; x_wconf 80' lang='lat' dir='ltr'><strong>subjicitur,</strong></span> <span class='ocrx_word' id='word_1_209' title='bbox 509 2449 618 2514; x_wconf 80' lang='lat' dir='ltr'><strong>saltem</strong></span> <span class='ocrx_word' id='word_1_210' title='bbox 643 2462 793 2547; x_wconf 77' lang='lat' dir='ltr'><strong>tunquam</strong></span> <span class='ocrx_word' id='word_1_211' title='bbox 815 2449 1011 2536; x_wconf 77' lang='lat' dir='ltr'><strong>ambiguum,</strong></span> <span class='ocrx_word' id='word_1_212' title='bbox 1035 2473 1074 2514; x_wconf 84' lang='lat' dir='ltr'><strong>ex</strong></span> <span class='ocrx_word' id='word_1_213' title='bbox 1095 2449 1160 2530; x_wconf 91' lang='lat' dir='ltr'><strong>illo,</strong></span> 
     </span>
     <span class='ocr_line' id='line_1_25' title="bbox 126 2535 1162 2626; baseline -0.001 -24"><span class='ocrx_word' id='word_1_214' title='bbox 126 2543 267 2626; x_wconf 73' lang='lat' dir='ltr'><strong>tunquam</strong></span> <span class='ocrx_word' id='word_1_215' title='bbox 282 2538 415 2603; x_wconf 72' lang='lat' dir='ltr'><strong>certiore</strong></span> <span class='ocrx_word' id='word_1_216' title='bbox 427 2550 460 2601; x_wconf 86' lang='lat' dir='ltr'><strong>et</strong></span> <span class='ocrx_word' id='word_1_217' title='bbox 474 2535 638 2622; x_wconf 85' lang='lat' dir='ltr'><strong>apertiore,</strong></span> <span class='ocrx_word' id='word_1_218' title='bbox 653 2548 701 2600; x_wconf 78' lang='lat' dir='ltr'><strong>est</strong></span> <span class='ocrx_word' id='word_1_219' title='bbox 713 2535 993 2622; x_wconf 76' lang='lat' dir='ltr'><strong>mterpreondum,</strong></span> <span class='ocrx_word' id='word_1_220' title='bbox 1010 2557 1073 2601; x_wconf 90' lang='lat' dir='ltr'><strong>non</strong></span> <span class='ocrx_word' id='word_1_221' title='bbox 1090 2558 1162 2602; x_wconf 88' lang='lat' dir='ltr'><strong>oon-</strong></span> 
     </span>
     <span class='ocr_line' id='line_1_26' title="bbox 126 2621 1197 2710; baseline -0.003 -24"><span class='ocrx_word' id='word_1_222' title='bbox 126 2633 177 2686; x_wconf 66' lang='grc' dir='ltr'><strong>σε.</strong></span> <span class='ocrx_word' id='word_1_223' title='bbox 199 2625 363 2699; x_wconf 64' lang='lat' dir='ltr'><strong>uincerent</strong></span> <span class='ocrx_word' id='word_1_224' title='bbox 384 2624 466 2687; x_wconf 65' lang='lat' dir='ltr'><strong>mnus</strong></span> <span class='ocrx_word' id='word_1_225' title='bbox 486 2623 588 2702; x_wconf 70' lang='lat' dir='ltr'><strong>vertit,</strong></span> <span class='ocrx_word' id='word_1_226' title='bbox 602 2621 745 2708; x_wconf 78' lang='lat' dir='ltr'><strong>adeoque</strong></span> <span class='ocrx_word' id='word_1_227' title='bbox 766 2635 798 2686; x_wconf 88' lang='lat' dir='ltr'><strong>et</strong></span> <span class='ocrx_word' id='word_1_228' title='bbox 818 2621 885 2710; x_wconf 81' lang='lat' dir='ltr'><strong>ipse</strong></span> <span class='ocrx_word' id='word_1_229' title='bbox 904 2622 986 2688; x_wconf 82' lang='lat' dir='ltr'><strong>circa</strong></span> <span class='ocrx_word' id='word_1_230' title='bbox 1003 2633 1161 2690; x_wconf 73' lang='lat' dir='ltr'><strong>mammae.</strong></span> <span class='ocrx_word' id='word_1_231' title='bbox 1194 2679 1197 2683; x_wconf 88' lang='lat'><em>.</em></span> 
     </span>
    </p>
   </div>
   <div class='ocr_carea' id='block_1_3' title="bbox 124 2706 1279 2796">
    <p class='ocr_par' dir='ltr' id='par_1_3' title="bbox 124 2706 1279 2796">
     <span class='ocr_line' id='line_1_27' title="bbox 124 2706 1279 2796; baseline 0.004 -25"><span class='ocrx_word' id='word_1_232' title='bbox 124 2722 157 2772; x_wconf 95' lang='lat' dir='ltr'><strong>ut</strong></span> <span class='ocrx_word' id='word_1_233' title='bbox 179 2710 379 2775; x_wconf 77' lang='lat' dir='ltr'><strong>manifestum</strong></span> <span class='ocrx_word' id='word_1_234' title='bbox 400 2709 451 2788; x_wconf 83' lang='lat' dir='ltr'><strong>eit,</strong></span> <span class='ocrx_word' id='word_1_235' title='bbox 473 2731 513 2772; x_wconf 88' lang='lat' dir='ltr'><strong>ex</strong></span> <span class='ocrx_word' id='word_1_236' title='bbox 537 2706 671 2773; x_wconf 89' lang='lat' dir='ltr'><strong>Homeri</strong></span> <span class='ocrx_word' id='word_1_237' title='bbox 693 2719 797 2772; x_wconf 86' lang='lat' dir='ltr'><strong>mente</strong></span> <span class='ocrx_word' id='word_1_238' title='bbox 818 2708 961 2774; x_wconf 83' lang='lat' dir='ltr'><strong>mammis</strong></span> <span class='ocrx_word' id='word_1_239' title='bbox 984 2708 1161 2796; x_wconf 83' lang='lat' dir='ltr'><strong>subjectum</strong></span> <span class='ocrx_word' id='word_1_240' title='bbox 1277 2793 1279 2795; x_wconf 15' lang='grc' dir='ltr'>Ι</span> 
     </span>
    </p>
   </div>
   <div class='ocr_carea' id='block_1_4' title="bbox 119 2793 1163 4429">
    <p class='ocr_par' dir='ltr' id='par_1_4' title="bbox 119 2793 1163 4429">
     <span class='ocr_line' id='line_1_28' title="bbox 124 2793 1163 2881; baseline -0.003 -19"><span class='ocrx_word' id='word_1_241' title='bbox 124 2793 212 2862; x_wconf 78' lang='lat' dir='ltr'><strong>fiisse</strong></span> <span class='ocrx_word' id='word_1_242' title='bbox 226 2796 357 2862; x_wconf 71' lang='lat' dir='ltr'><strong>Venerit</strong></span> <span class='ocrx_word' id='word_1_243' title='bbox 371 2809 491 2860; x_wconf 74' lang='lat' dir='ltr'><strong>certum</strong></span> <span class='ocrx_word' id='word_1_244' title='bbox 505 2817 570 2858; x_wconf 88' lang='lat' dir='ltr'><strong>non</strong></span> <span class='ocrx_word' id='word_1_245' title='bbox 582 2794 733 2881; x_wconf 86' lang='lat' dir='ltr'><strong>injectum</strong></span> <span class='ocrx_word' id='word_1_246' title='bbox 746 2794 930 2869; x_wconf 82' lang='lat' dir='ltr'><strong>femoribns3</strong></span> <span class='ocrx_word' id='word_1_247' title='bbox 953 2795 988 2858; x_wconf 92' lang='lat' dir='ltr'><strong>in</strong></span> <span class='ocrx_word' id='word_1_248' title='bbox 1008 2818 1074 2880; x_wconf 93' lang='lat' dir='ltr'><strong>quo</strong></span> <span class='ocrx_word' id='word_1_249' title='bbox 1090 2817 1163 2859; x_wconf 84' lang='lat' dir='ltr'><strong>oon-</strong></span> 
     </span>
     <span class='ocr_line' id='line_1_29' title="bbox 124 2879 1161 2969; baseline -0.002 -23"><span class='ocrx_word' id='word_1_250' title='bbox 124 2883 301 2948; x_wconf 82' lang='lat' dir='ltr'><strong>seutientein</strong></span> <span class='ocrx_word' id='word_1_251' title='bbox 325 2903 454 2969; x_wconf 87' lang='lat' dir='ltr'><strong>quoque</strong></span> <span class='ocrx_word' id='word_1_252' title='bbox 478 2881 580 2946; x_wconf 80' lang='lat' dir='ltr'><strong>habeo</strong></span> <span class='ocrx_word' id='word_1_253' title='bbox 602 2879 752 2944; x_wconf 89' lang='lat' dir='ltr'><strong>idoneum</strong></span> <span class='ocrx_word' id='word_1_254' title='bbox 777 2880 940 2959; x_wconf 75' lang='lat' dir='ltr'><strong>orbitnnn,</strong></span> <span class='ocrx_word' id='word_1_255' title='bbox 967 2879 1161 2944; x_wconf 85' lang='lat' dir='ltr'><strong>Visoontium</strong></span> 
     </span>
     <span class='ocr_line' id='line_1_30' title="bbox 126 2963 1161 3052; baseline 0.004 -22"><span class='ocrx_word' id='word_1_256' title='bbox 126 2967 229 3034; x_wconf 81' lang='lat' dir='ltr'><strong>Mmeo</strong></span> <span class='ocrx_word' id='word_1_257' title='bbox 243 2971 308 3034; x_wconf 77' lang='lat' dir='ltr'><strong>Pio</strong></span> <span class='ocrx_word' id='word_1_258' title='bbox 325 2969 470 3033; x_wconf 73' lang='lat' dir='ltr'><strong>clement.</strong></span> <span class='ocrx_word' id='word_1_259' title='bbox 487 2969 580 3032; x_wconf 85' lang='lat' dir='ltr'><strong>Tom.</strong></span> <span class='ocrx_word' id='word_1_260' title='bbox 598 2967 667 3031; x_wconf 92' lang='lat' dir='ltr'><strong>III.</strong></span> <span class='ocrx_word' id='word_1_261' title='bbox 688 2988 719 3052; x_wconf 89' lang='lat' dir='ltr'><strong>p.</strong></span> <span class='ocrx_word' id='word_1_262' title='bbox 736 2969 766 3036; x_wconf 83' lang='lat'><strong>9.</strong></span> <span class='ocrx_word' id='word_1_263' title='bbox 782 2966 835 3052; x_wconf 93' lang='lat' dir='ltr'><strong>qui</strong></span> <span class='ocrx_word' id='word_1_264' title='bbox 852 2966 946 3030; x_wconf 83' lang='lat' dir='ltr'><strong>etiam</strong></span> <span class='ocrx_word' id='word_1_265' title='bbox 965 2988 996 3052; x_wconf 92' lang='lat' dir='ltr'><strong>p.</strong></span> <span class='ocrx_word' id='word_1_266' title='bbox 1012 2963 1055 3036; x_wconf 89' lang='lat'><strong>69</strong></span> <span class='ocrx_word' id='word_1_267' title='bbox 1069 2965 1161 3034; x_wconf 80' lang='lat' dir='ltr'><strong>docet</strong></span> 
     </span>
     <span class='ocr_line' id='line_1_31' title="bbox 123 3050 1161 3142; baseline 0.001 -24"><span class='ocrx_word' id='word_1_268' title='bbox 123 3067 236 3120; x_wconf 72' lang='lat' dir='ltr'><strong>cetron</strong></span> <span class='ocrx_word' id='word_1_269' title='bbox 264 3056 352 3119; x_wconf 90' lang='lat' dir='ltr'><strong>hunc</strong></span> <span class='ocrx_word' id='word_1_270' title='bbox 376 3053 494 3142; x_wconf 88' lang='lat' dir='ltr'><strong>pectori</strong></span> <span class='ocrx_word' id='word_1_271' title='bbox 523 3053 700 3140; x_wconf 74' lang='lat' dir='ltr'><strong>subjectum</strong></span> <span class='ocrx_word' id='word_1_272' title='bbox 724 3052 758 3116; x_wconf 90' lang='lat' dir='ltr'><strong>in</strong></span> <span class='ocrx_word' id='word_1_273' title='bbox 784 3053 871 3139; x_wconf 88' lang='lat' dir='ltr'><strong>Nym</strong></span> <span class='ocrx_word' id='word_1_274' title='bbox 893 3051 1007 3118; x_wconf 84' lang='lat' dir='ltr'><strong>horum</strong></span> <span class='ocrx_word' id='word_1_275' title='bbox 1031 3050 1161 3139; x_wconf 76' lang='lat' dir='ltr'><strong>aliisque</strong></span> 
     </span>
     <span class='ocr_line' id='line_1_32' title="bbox 124 3138 1160 3228; baseline -0.006 -20"><span class='ocrx_word' id='word_1_276' title='bbox 124 3138 384 3228; x_wconf 64' lang='lat' dir='ltr'><strong>tignioconspioi.v</strong></span> <span class='ocrx_word' id='word_1_277' title='bbox 418 3141 485 3204; x_wconf 86' lang='lat' dir='ltr'><strong>Nec</strong></span> <span class='ocrx_word' id='word_1_278' title='bbox 499 3139 589 3204; x_wconf 83' lang='lat' dir='ltr'><strong>aliter</strong></span> <span class='ocrx_word' id='word_1_279' title='bbox 602 3150 763 3227; x_wconf 74' lang='lat' dir='ltr'><strong>acceperet</strong></span> <span class='ocrx_word' id='word_1_280' title='bbox 776 3138 880 3225; x_wconf 87' lang='lat' dir='ltr'><strong>Antip</strong></span> <span class='ocrx_word' id='word_1_281' title='bbox 943 3161 986 3202; x_wconf 85' lang='lat' dir='ltr'><strong>es:</strong></span> <span class='ocrx_word' id='word_1_282' title='bbox 1010 3139 1088 3216; x_wconf 76' lang='grc' dir='ltr'><strong>Αὔτῆ</strong></span> <span class='ocrx_word' id='word_1_283' title='bbox 1103 3163 1160 3216; x_wconf 77' lang='grc' dir='ltr'><strong>σοι,</strong></span> 
     </span>
     <span class='ocr_line' id='line_1_33' title="bbox 125 3223 1161 3316; baseline 0.001 -27"><span class='ocrx_word' id='word_1_284' title='bbox 125 3227 251 3316; x_wconf 67' lang='grc' dir='ltr'><strong>Κυθέςενά</strong></span> <span class='ocrx_word' id='word_1_285' title='bbox 272 3231 320 3292; x_wconf 79' lang='grc' dir='ltr'><strong>τὸν</strong></span> <span class='ocrx_word' id='word_1_286' title='bbox 342 3233 386 3308; x_wconf 77' lang='lat' dir='ltr'><strong>ipe</strong></span> <span class='ocrx_word' id='word_1_287' title='bbox 403 3226 469 3290; x_wconf 60' lang='grc' dir='ltr'><strong>ἀντ’</strong></span> <span class='ocrx_word' id='word_1_288' title='bbox 484 3226 538 3289; x_wconf 73' lang='grc' dir='ltr'><strong>ἀπὸ</strong></span> <span class='ocrx_word' id='word_1_289' title='bbox 553 3233 682 3309; x_wconf 78' lang='grc' dir='ltr'>μαστῶν,</span> <span class='ocrx_word' id='word_1_290' title='bbox 697 3223 769 3302; x_wconf 69' lang='grc' dir='ltr'><strong>Ἰνὼ,</strong></span> <span class='ocrx_word' id='word_1_291' title='bbox 785 3224 939 3306; x_wconf 55' lang='lat' dir='ltr'><strong>accepim,</strong></span> <span class='ocrx_word' id='word_1_292' title='bbox 955 3225 1052 3290; x_wconf 73' lang='grc' dir='ltr'><strong><em>κεστὸν</em></strong></span> <span class='ocrx_word' id='word_1_293' title='bbox 1066 3225 1161 3290; x_wconf 58' lang='lat' dir='ltr'><strong>duxit</strong></span> 
     </span>
     <span class='ocr_line' id='line_1_34' title="bbox 213 3251 1159 3485; baseline -0.002 -22.176"><span class='ocrx_word' id='word_1_294' title='bbox 213 3251 1045 3485; x_wconf 56' lang='lat' dir='ltr'><strong>sn,</strong></span> <span class='ocrx_word' id='word_1_295' title='bbox 1128 3333 1159 3398; x_wconf 67' lang='lat' dir='ltr'><strong>r·</strong></span> 
     </span>
     <span class='ocr_line' id='line_1_35' title="bbox 121 3419 1161 3580; baseline -0.001 -32"><span class='ocrx_word' id='word_1_296' title='bbox 121 3483 270 3552; x_wconf 74' lang='lat' dir='ltr'><strong>subtiliter</strong></span> <span class='ocrx_word' id='word_1_297' title='bbox 284 3497 400 3572; x_wconf 63' lang='lat' dir='ltr'><strong>agnou</strong></span> <span class='ocrx_word' id='word_1_298' title='bbox 423 3484 468 3548; x_wconf 79' lang='lat' dir='ltr'><strong>itu</strong></span> <span class='ocrx_word' id='word_1_299' title='bbox 483 3482 706 3549; x_wconf 81' lang='lat' dir='ltr'><strong>Christodonm</strong></span> <span class='ocrx_word' id='word_1_300' title='bbox 719 3482 753 3547; x_wconf 90' lang='lat' dir='ltr'><strong>in</strong></span> <span class='ocrx_word' id='word_1_301' title='bbox 767 3482 899 3548; x_wconf 88' lang='lat' dir='ltr'><strong>Anthol.</strong></span> <span class='ocrx_word' id='word_1_302' title='bbox 918 3483 1025 3580; x_wconf 89' lang='lat' dir='ltr'><strong>Steph.</strong></span> <span class='ocrx_word' id='word_1_303' title='bbox 1041 3419 1161 3570; x_wconf 44' lang='lat' dir='ltr'><strong>pepp?</strong></span> 
     </span>
     <span class='ocr_line' id='line_1_36' title="bbox 121 3568 1161 3658; baseline -0.002 -22"><span class='ocrx_word' id='word_1_304' title='bbox 121 3569 260 3638; x_wconf 70' lang='lat' dir='ltr'><strong>Analecn</strong></span> <span class='ocrx_word' id='word_1_305' title='bbox 286 3573 379 3636; x_wconf 83' lang='lat' dir='ltr'><strong>Toni.</strong></span> <span class='ocrx_word' id='word_1_306' title='bbox 404 3572 454 3636; x_wconf 87' lang='grc' dir='ltr'><strong>ΙΙ.</strong></span> <span class='ocrx_word' id='word_1_307' title='bbox 476 3593 507 3658; x_wconf 92' lang='lat' dir='ltr'><strong>p.</strong></span> <span class='ocrx_word' id='word_1_308' title='bbox 525 3568 598 3638; x_wconf 71' lang='lat'><strong>467.</strong></span> <span class='ocrx_word' id='word_1_309' title='bbox 620 3581 703 3633; x_wconf 80' lang='lat' dir='ltr'><strong>recte</strong></span> <span class='ocrx_word' id='word_1_310' title='bbox 724 3581 844 3634; x_wconf 77' lang='lat' dir='ltr'><strong>costum</strong></span> <span class='ocrx_word' id='word_1_311' title='bbox 869 3571 998 3634; x_wconf 78' lang='lat' dir='ltr'><strong>Veneno</strong></span> <span class='ocrx_word' id='word_1_312' title='bbox 1018 3568 1161 3634; x_wconf 65' lang='lat' dir='ltr'><strong>memmii</strong></span> 
     </span>
     <span class='ocr_line' id='line_1_37' title="bbox 120 3653 1159 3744; baseline 0 -26"><span class='ocrx_word' id='word_1_313' title='bbox 120 3657 294 3744; x_wconf 75' lang='lat' dir='ltr'><strong>subjectum</strong></span> <span class='ocrx_word' id='word_1_314' title='bbox 317 3678 390 3722; x_wconf 86' lang='lat' dir='ltr'><strong>cum</strong></span> <span class='ocrx_word' id='word_1_315' title='bbox 418 3666 588 3730; x_wconf 69' lang='lat' dir='ltr'><strong>narrasset:</strong></span> <span class='ocrx_word' id='word_1_316' title='bbox 621 3654 721 3742; x_wconf 77' lang='grc' dir='ltr'><strong><em>φάρεσι</em></strong></span> <span class='ocrx_word' id='word_1_317' title='bbox 749 3655 851 3737; x_wconf 52' lang='grc' dir='ltr'><strong><em>κόλπον</em></strong></span> <span class='ocrx_word' id='word_1_318' title='bbox 873 3653 998 3742; x_wconf 68' lang='grc' dir='ltr'><strong><em>ἔχουσαν</em></strong></span> <span class='ocrx_word' id='word_1_319' title='bbox 1027 3653 1159 3744; x_wconf 58' lang='grc' dir='ltr'><strong><em>ἐπίσκιον·</em></strong></span> 
     </span>
     <span class='ocr_line' id='line_1_38' title="bbox 123 3740 1160 3827; baseline -0.002 -21"><span class='ocrx_word' id='word_1_320' title='bbox 123 3745 191 3826; x_wconf 71' lang='grc' dir='ltr'><strong>ἀμφὶ</strong></span> <span class='ocrx_word' id='word_1_321' title='bbox 207 3747 235 3808; x_wconf 75' lang='grc' dir='ltr'><strong>δὲ</strong></span> <span class='ocrx_word' id='word_1_322' title='bbox 248 3747 348 3827; x_wconf 52' lang='lat' dir='ltr'><strong>poecis</strong></span> <span class='ocrx_word' id='word_1_323' title='bbox 370 3742 467 3817; x_wconf 76' lang='grc' dir='ltr'><strong><em>νεστός</em></strong></span> <span class='ocrx_word' id='word_1_324' title='bbox 488 3741 551 3819; x_wconf 75' lang='grc' dir='ltr'><strong>ἕλιξ</strong></span> <span class='ocrx_word' id='word_1_325' title='bbox 572 3741 752 3826; x_wconf 70' lang='grc' dir='ltr'>κεχάλαστο,</span> <span class='ocrx_word' id='word_1_326' title='bbox 766 3741 853 3826; x_wconf 77' lang='grc' dir='ltr'><strong><em>χάρις</em></strong></span> <span class='ocrx_word' id='word_1_327' title='bbox 867 3743 888 3803; x_wconf 75' lang='grc' dir='ltr'><strong>δ’</strong></span> <span class='ocrx_word' id='word_1_328' title='bbox 904 3740 972 3804; x_wconf 76' lang='grc' dir='ltr'><strong><em>ἔνεν’</em></strong></span> <span class='ocrx_word' id='word_1_329' title='bbox 999 3765 1043 3802; x_wconf 75' lang='lat' dir='ltr'><strong>eto</strong></span> <span class='ocrx_word' id='word_1_330' title='bbox 1057 3740 1160 3818; x_wconf 74' lang='grc' dir='ltr'><strong>πολλή.</strong></span> 
     </span>
     <span class='ocr_line' id='line_1_39' title="bbox 121 3825 1160 3914; baseline 0 -24"><span class='ocrx_word' id='word_1_331' title='bbox 121 3826 200 3893; x_wconf 89' lang='lat' dir='ltr'><strong>idem</strong></span> <span class='ocrx_word' id='word_1_332' title='bbox 221 3829 284 3894; x_wconf 78' lang='lat' dir='ltr'><strong>alio</strong></span> <span class='ocrx_word' id='word_1_333' title='bbox 303 3828 372 3894; x_wconf 92' lang='lat' dir='ltr'><strong>looo</strong></span> <span class='ocrx_word' id='word_1_334' title='bbox 386 3827 518 3893; x_wconf 83' lang='lat' dir='ltr'><strong>Anthol.</strong></span> <span class='ocrx_word' id='word_1_335' title='bbox 536 3827 643 3913; x_wconf 76' lang='lat' dir='ltr'><strong>steph.</strong></span> <span class='ocrx_word' id='word_1_336' title='bbox 659 3850 691 3914; x_wconf 85' lang='lat' dir='ltr'><strong>p.</strong></span> <span class='ocrx_word' id='word_1_337' title='bbox 705 3825 781 3892; x_wconf 73' lang='lat'><strong>386.</strong></span> <span class='ocrx_word' id='word_1_338' title='bbox 796 3826 892 3891; x_wconf 81' lang='lat' dir='ltr'><strong>Anal.</strong></span> <span class='ocrx_word' id='word_1_339' title='bbox 912 3848 944 3913; x_wconf 86' lang='lat' dir='ltr'><strong>p.</strong></span> <span class='ocrx_word' id='word_1_340' title='bbox 1040 3827 1160 3890; x_wconf 88' lang='lat' dir='ltr'><strong>Venere</strong></span> 
     </span>
     <span class='ocr_line' id='line_1_40' title="bbox 122 3913 1160 4004; baseline -0.004 -26"><span class='ocrx_word' id='word_1_341' title='bbox 122 3915 393 4004; x_wconf 81' lang='lat' dir='ltr'><strong>conspectnnudo,</strong></span> <span class='ocrx_word' id='word_1_342' title='bbox 410 3914 465 3979; x_wconf 89' lang='lat' dir='ltr'><strong>sed</strong></span> <span class='ocrx_word' id='word_1_343' title='bbox 483 3914 605 4000; x_wconf 77' lang='lat' dir='ltr'><strong>ciugrrlo</strong></span> <span class='ocrx_word' id='word_1_344' title='bbox 618 3935 639 3976; x_wconf 88' lang='lat' dir='ltr'><strong>o</strong></span> <span class='ocrx_word' id='word_1_345' title='bbox 654 3915 766 3978; x_wconf 58' lang='lat' dir='ltr'><strong>confice</strong></span> <span class='ocrx_word' id='word_1_346' title='bbox 779 3913 812 3976; x_wconf 81' lang='lat' dir='ltr'><strong>in</strong></span> <span class='ocrx_word' id='word_1_347' title='bbox 826 3913 976 3997; x_wconf 75' lang='lat' dir='ltr'><strong>obliquum</strong></span> <span class='ocrx_word' id='word_1_348' title='bbox 996 3932 1089 3992; x_wconf 77' lang='lat' dir='ltr'><strong>supra</strong></span> <span class='ocrx_word' id='word_1_349' title='bbox 1106 3929 1160 3992; x_wconf 86' lang='lat' dir='ltr'><strong>pe·</strong></span> 
     </span>
     <span class='ocr_line' id='line_1_41' title="bbox 121 3997 1159 4080; baseline -0.007 -16"><span class='ocrx_word' id='word_1_350' title='bbox 121 4009 184 4065; x_wconf 79' lang='lat' dir='ltr'><strong>clm</strong></span> <span class='ocrx_word' id='word_1_351' title='bbox 207 4003 337 4067; x_wconf 71' lang='lat' dir='ltr'><strong>demisso</strong></span> <span class='ocrx_word' id='word_1_352' title='bbox 361 4011 480 4078; x_wconf 74' lang='lat' dir='ltr'><strong>onata,</strong></span> <span class='ocrx_word' id='word_1_353' title='bbox 508 4002 581 4065; x_wconf 70' lang='lat' dir='ltr'><strong>certi</strong></span> <span class='ocrx_word' id='word_1_354' title='bbox 604 3999 729 4063; x_wconf 91' lang='lat' dir='ltr'><strong>nomine</strong></span> <span class='ocrx_word' id='word_1_355' title='bbox 753 4009 785 4063; x_wconf 90' lang='lat' dir='ltr'><strong>et</strong></span> <span class='ocrx_word' id='word_1_356' title='bbox 808 3997 860 4063; x_wconf 87' lang='lat' dir='ltr'><strong>hic</strong></span> <span class='ocrx_word' id='word_1_357' title='bbox 885 3998 1159 4080; x_wconf 62' lang='lat' dir='ltr'><strong>utiturz-yopolv</strong></span> 
     </span>
     <span class='ocr_line' id='line_1_42' title="bbox 122 4083 1160 4172; baseline -0.005 -24"><span class='ocrx_word' id='word_1_358' title='bbox 122 4089 337 4168; x_wconf 74' lang='grc' dir='ltr'><strong><em>παμφανόωσαν.</em></strong></span> <span class='ocrx_word' id='word_1_359' title='bbox 364 4089 407 4151; x_wconf 71' lang='grc' dir='ltr'><strong>ἐπὶ</strong></span> <span class='ocrx_word' id='word_1_360' title='bbox 428 4085 545 4172; x_wconf 75' lang='grc' dir='ltr'><strong>στέρνων</strong></span> <span class='ocrx_word' id='word_1_361' title='bbox 568 4085 596 4148; x_wconf 69' lang='grc' dir='ltr'><strong>δὲ</strong></span> <span class='ocrx_word' id='word_1_362' title='bbox 622 4085 723 4163; x_wconf 62' lang='lat' dir='ltr'><strong>dealing</strong></span> <span class='ocrx_word' id='word_1_363' title='bbox 745 4085 870 4171; x_wconf 76' lang='grc' dir='ltr'><strong><em>αὔχένσς’</em></strong></span> <span class='ocrx_word' id='word_1_364' title='bbox 885 4087 915 4162; x_wconf 77' lang='grc' dir='ltr'><strong>ἐξ</strong></span> <span class='ocrx_word' id='word_1_365' title='bbox 936 4083 1048 4152; x_wconf 74' lang='grc' dir='ltr'><strong>ὑπάτοιο</strong></span> <span class='ocrx_word' id='word_1_366' title='bbox 1066 4083 1160 4164; x_wconf 75' lang='grc' dir='ltr'><strong><em>χυθεὶς</em></strong></span> 
     </span>
     <span class='ocr_line' id='line_1_43' title="bbox 121 4165 1161 4258; baseline -0.003 -24"><span class='ocrx_word' id='word_1_367' title='bbox 121 4174 255 4254; x_wconf 69' lang='grc' dir='ltr'><strong>ἐλελίζετο</strong></span> <span class='ocrx_word' id='word_1_368' title='bbox 286 4173 391 4248; x_wconf 74' lang='grc' dir='ltr'><strong><em>κεστός.</em></strong></span> <span class='ocrx_word' id='word_1_369' title='bbox 451 4171 598 4258; x_wconf 87' lang='lat' dir='ltr'><strong>Suspicor</strong></span> <span class='ocrx_word' id='word_1_370' title='bbox 626 4170 722 4236; x_wconf 82' lang='lat' dir='ltr'><strong>fuisse</strong></span> <span class='ocrx_word' id='word_1_371' title='bbox 750 4172 902 4235; x_wconf 91' lang='lat' dir='ltr'><strong>Venerem</strong></span> <span class='ocrx_word' id='word_1_372' title='bbox 930 4189 1016 4232; x_wconf 81' lang='lat' dir='ltr'><strong>arma</strong></span> <span class='ocrx_word' id='word_1_373' title='bbox 1045 4165 1161 4256; x_wconf 77' lang='lat' dir='ltr'><strong>Martie</strong></span> 
     </span>
     <span class='ocr_line' id='line_1_44' title="bbox 119 4251 1160 4357; baseline -0.004 -37"><span class='ocrx_word' id='word_1_374' title='bbox 119 4267 301 4323; x_wconf 79' lang='lat' dir='ltr'><strong>tractantem</strong></span> <span class='ocrx_word' id='word_1_375' title='bbox 326 4258 451 4357; x_wconf 73' lang='lat' dir='ltr'><strong>qualem</strong></span> <span class='ocrx_word' id='word_1_376' title='bbox 472 4257 506 4322; x_wconf 92' lang='lat' dir='ltr'><strong>in</strong></span> <span class='ocrx_word' id='word_1_377' title='bbox 526 4256 657 4346; x_wconf 85' lang='lat' dir='ltr'><strong>gemmis</strong></span> <span class='ocrx_word' id='word_1_378' title='bbox 677 4279 838 4322; x_wconf 84' lang='lat' dir='ltr'><strong>occurrere</strong></span> <span class='ocrx_word' id='word_1_379' title='bbox 859 4252 1002 4326; x_wconf 83' lang='lat' dir='ltr'><strong>memini3</strong></span> <span class='ocrx_word' id='word_1_380' title='bbox 1026 4251 1160 4337; x_wconf 89' lang='lat' dir='ltr'><strong>ideoque</strong></span> 
     </span>
     <span class='ocr_line' id='line_1_45' title="bbox 120 4337 1160 4429; baseline -0.006 -21"><span class='ocrx_word' id='word_1_381' title='bbox 120 4341 221 4410; x_wconf 79' lang='lat' dir='ltr'><strong>balteo</strong></span> <span class='ocrx_word' id='word_1_382' title='bbox 244 4347 360 4411; x_wconf 80' lang='lat' dir='ltr'><strong>Marus</strong></span> <span class='ocrx_word' id='word_1_383' title='bbox 378 4355 529 4410; x_wconf 82' lang='lat' dir='ltr'><strong>ornatum.</strong></span> <span class='ocrx_word' id='word_1_384' title='bbox 574 4342 675 4410; x_wconf 92' lang='lat' dir='ltr'><strong>Video</strong></span> <span class='ocrx_word' id='word_1_385' title='bbox 695 4365 779 4408; x_wconf 87' lang='lat' dir='ltr'><strong>nunc</strong></span> <span class='ocrx_word' id='word_1_386' title='bbox 801 4341 905 4429; x_wconf 88' lang='lat' dir='ltr'><strong>ipsum</strong></span> <span class='ocrx_word' id='word_1_387' title='bbox 925 4337 1160 4427; x_wconf 81' lang='lat' dir='ltr'><strong>VVinckelman-</strong></span> 
     </span>
    </p>
   </div>
   <div class='ocr_carea' id='block_1_5' title="bbox 0 0 1508 5056">
    <p class='ocr_par' dir='ltr' id='par_1_5' title="bbox 0 0 1508 5056">
     <span class='ocr_line' id='line_1_46' title="bbox 0 0 1508 5056; baseline 0 3"><span class='ocrx_word' id='word_1_388' title='bbox 0 0 1508 5056; x_wconf 95' lang='lat' dir='ltr'><strong> </strong></span> 
     </span>
    </p>
   </div>
  </div>
 </body>
</html>
