3008 5056
296 361 368 440 ,162
651 355 904 426 EXCURSUS
929 361 1000 426 11-1.

303 549 395 623 cepto
414 559 479 599 esse
496 535 542 622 (p.
558 535 630 598 410.
647 547 679 598 et
693 531 790 620 praef.
806 557 839 620 p.
857 532 1021 618 XXIII.)
1067 531 1184 598 Altera
1201 538 1242 597 'ex
1263 543 1355 620 parte

306 621 440 687 Bentleii
455 624 633 686 Homerum
653 620 813 707 digammo
831 621 1018 686 instructum
1041 619 1200 706 expectari
1221 641 1353 692 uoram;
1385 623 1389 634 '

307 710 358 792 (ut
385 733 436 774 am
451 733 470 774 a
486 703 616 780 Tavlor.
633 709 721 772 Lect.
739 708 815 794 Lys.
832 731 862 794 p.
877 710 950 775 703.
974 709 1087 771 Foster
1100 730 1130 793 p.
1141 709 1222 791 314)
1239 705 1353 771 Visum

306 733 438 878 tandem,
448 809 494 860 est
508 781 595 860 factu
610 795 777 881 optimum,
794 809 830 859 ut
843 795 874 858 in
891 793 1032 880 margine
1050 793 1196 858 inferiore
1216 792 1355 880 paginae

306 884 366 947 sub
387 882 462 969 ipsis
483 895 593 968 poetae
614 881 756 946 versibus
777 894 987 969 apponeretur
1003 903 1064 944 vox
1085 903 1158 945 cum
1180 879 1212 942 di
1287 902 1354 958 mo,

305 969 429 1056 quoties
444 982 543 1032 metro
557 967 717 1054 flagitante
732 982 788 1033 aut
806 967 949 1054 analogia
969 966 1130 1046 suadente,
1145 903 1356 1038 illudlmooum

305 1055 452 1119 habuisse
466 1068 638 1142 appareret.

351 1144 501 1206 Ceterum
525 1164 582 1228 per
603 1141 680 1205 haec
702 1140 780 1227 ipsa,
803 1162 886 1226 quae
910 1138 1045 1217 narravi,
1068 1136 1260 1204 declaratum
1285 1159 1356 1204 esse

297 1227 403 1305 uolui,
419 1250 470 1292 me
485 1251 540 1292 nec
560 1250 672 1292 novam
685 1227 866 1310 doctrinam
888 1225 929 1290 de
942 1226 1003 1290 hoc
1017 1224 1168 1324 digammi
1181 1225 1216 1289 in
1230 1227 1354 1290 Home-

305 1314 377 1378 ricis
402 1337 463 1380 usu
486 1315 607 1393 afferre,
632 1337 689 1380 nec
714 1336 765 1376 me
787 1311 957 1400 quicquam
982 1312 1060 1377 mihi
1085 1311 1119 1376 in
1140 1311 1201 1377 hoc
1221 1312 1355 1377 invento

199 1469 202 1474 Δ
305 1404 437 1488 ejusque
460 1424 520 1480 usu
537 1402 695 1490 jactanter
712 1423 877 1498 arrogare;
902 1399 968 1479 sed,
986 1419 1109 1498 quaene
1130 1422 1253 1464 summo
1269 1399 1354 1479 viro,

307 1487 399 1552 Rich.
416 1487 570 1568 Bentleio,
592 1487 730 1574 primum
753 1500 903 1574 sagaciter
924 1488 1013 1551 fuere
1033 1486 1258 1566 animadversa,
1281 1486 1356 1550 dili-

298 1574 430 1674 ‚gentius
467 1587 682 1663 ersequutum,
698 1573 829 1640 aliorum
845 1573 984 1638 virorum
1003 1572 1168 1638 doctorum
1187 1574 1356 1639 observata

305 1684 338 1726 tn
352 1599 515 1726 consilium
529 1660 719 1740 adhibuisse,
730 1665 767 1725 'et
787 1683 826 1724 ex
846 1659 894 1738 iis,
910 1661 1003 1726 etiam
1017 1660 1060 1723 ad
1097 1659 1283 1725 robabiliora
1297 1683 1356 1724 ex-

329 1748 458 1827 u‘tanda,
488 1747 663 1835 profecisse.
709 1746 907 1834 Propositum
939 1759 1045 1812 autem
1073 1683 1171 1812 liabui
1199 1747 1355 1812 rationem

304 1771 396 1913 lianc,
419 1847 457 1898 ut
476 1854 533 1899 nec
554 1847 712 1922 ponerem,
735 1833 794 1898 nisi
815 1847 911 1912 certa,
932 1833 1041 1898 saltem
1062 1833 1255 1920 probabilia;
1273 1848 1353 1912 ,tum

304 1943 390 2000 vero,
406 1934 444 1984 ut
457 1922 632 1986 accuratius
650 1944 855 2009 prosequerer
870 1943 936 1985 non
947 1920 1007 1984 nisi
1020 1943 1069 2000 ea,
1084 1942 1165 2007 quae
1183 1921 1350 1986 metricum

307 2030 400 2072 usum
414 2008 577 2087 haberent,
592 2008 634 2072 ad
648 2007 820 2095 explendos
833 2007 946 2073 hiatus.
970 2009 1043 2086 Quo
1056 2006 1184 2072 oonsilio
1198 2007 1292 2072 semel
1307 2031 1349 2073 ex

305 2093 401 2181 longa
411 2093 632 2160 deliberatione
643 2107 746 2182 capto,
756 2117 813 2158 nec
826 2117 895 2159 eam
904 2093 1056 2160 rationem
1064 2093 1152 2180 sequi
1158 2095 1265 2192 potui,
1272 2117 1351 2182 qua,

307 2181 430 2268 Uptoni
444 2180 510 2245 fere
524 2181 668 2268 exemplo
681 2203 731 2268 ap.
749 2181 888 2268 Burgess
900 2204 932 2269 p.
949 2182 1021 2246 aaa,
1042 2180 1084 2245 ad
1102 2181 1351 2268 antiquissimam

306 2267 460 2332 scribendi
482 2267 633 2332 rationem
655 2280 757 2332 totum
780 2281 1115 2346 oarmeurevooarem,
1135 2290 1192 2332 nec
1213 2291 1292 2346 eam,
1311 2281 1352 2333 ut

304 2353 434 2442 ubique,
450 2368 481 2419 et
502 2355 536 2418 in
554 2355 658 2419 medio
672 2378 717 2441 qu
760 2378 811 2433 ue,
831 2355 1060 2442 interponerem
1079 2354 1168 2440 signa
1185 2354 1349 2442 digammi,

306 2441 418 2524 Salteri
437 2443 592 2529 specimen
615 2379 784 2528 sequeriiiq
800 2465 873 2507 cum
890 2465 928 2506 ea
948 2465 998 2506 res
1014 2439 1134 2506 nullam
1148 2440 1190 2506 ad
1204 2441 1351 2506 oarnrinis

304 2528 482 2614 prosodiam
498 2529 664 2594 utilitatem
678 2529 816 2594 haberet.
861 2528 988 2594 Servavi
1001 2527 1162 2616 pleraque,
1177 2528 1219 2592 de
1233 2527 1352 2615 quibus

304 2614 382 2678 mihi
403 2615 545 2678 nondum
565 2615 830 2694 satisoonstabat,
851 2615 883 2678 in
902 2616 960 2680 hos
979 2617 1161 2689 Excursus3
1184 2614 1354 2702 inquibus

303 2701 390 2764 haud
404 2724 507 2789 pauca
520 2725 648 2788 quoque
661 2702 783 2781 refinxi,
798 2700 893 2789 longo
907 2725 967 2766 usu
982 2701 1111 2766 meliora
1124 2701 1264 2766 edoctus.
1297 2704 1352 2767 Ita

304 2788 418 2867 evenit,
435 2785 518 2852 utin
532 2787 690 2852 nonnullis
703 2788 780 2852 mihi
799 2810 856 2875 per
876 2800 980 2854 totum
998 2795 1123 2853 carmen
1144 2810 1209 2852 non
1230 2787 1351 2876 ubique

303 2875 377 2940 satis
390 2874 588 2940 constiterim.
635 2874 851 2960 Constitutum
865 2898 895 2938 v.
911 2899 937 2939 c.
952 2875 1118 2954 habebam,
1129 2874 1296 2963 digamma
1315 2876 1350 2940 iu

303 2963 408 3027 media
425 2986 502 3026 voce
523 2985 586 3026 non
605 2961 772 3036 adhibere3
796 2961 903 3048 itaque
917 2973 954 3026 A.
971 2965 991 3027 5
1005 2962 1081 3026 ‘Aah
1095 2961 1214 3026 editum
1236 2976 1294 3041 est,
1312 2977 1348 3030 ut

303 3064 336 3114 et
349 3049 382 3113 in
397 3073 481 3136 seqq.
498 3073 571 3113 cum
585 3049 787 3148 praestitisset
801 3048 841 3113 ab
856 3049 945 3114 initio
959 3048 1064 3113 statim
1079 3050 1162 3112 arrh.
1178 3050 1259 3136 aftlp
1275 3050 1349 3114 sori.

303 3137 385 3200 bere.
432 3137 485 3200 Ita
506 3135 659 3223 disphcet,
681 3135 770 3222 quod
788 3159 831 3200 vs.
849 3139 892 3200 24
913 3157 1064 3201 excusum
1085 3147 1132 3199 ert
1155 3138 1266 3213 Ῐηνδανε
1287 3159 1348 3224 pro

305 3225 428 3286 fallare.
474 3224 594 3287 Utetur
608 3221 646 3286 iis
660 3246 719 3310 pro
733 3246 791 3288 suo
805 3221 940 3310 quisque
954 3220 1082 3286 consilio
1095 3234 1152 3286 aut
1165 3244 1225 3309 pro
1243 3220 1350 3288 lubitu

303 3332 340 3372 ac
361 3308 542 3383 voluntate;
566 3323 723 3396 eruntque
745 3307 870 3397 quiea,
893 3333 975 3396 quae
996 3332 1016 3373 a
1036 3331 1087 3372 me
1166 3320 1181 3372 t
1204 3307 1281 3374 alios
1303 3309 1351 3375 in-

303 3395 414 3460 choata
430 3409 513 3474 sunt,
530 3395 698 3482 perficient.
744 3398 818 3462 Non
841 3395 922 3461 enim
943 3395 1044 3474 nobis,
1060 3417 1116 3484 qur
1139 3417 1187 3472 us,
1207 3395 1278 3482 ipsa
1295 3419 1352 3462 na·

303 3497 392 3546 turae
407 3481 485 3568 lege,
501 3481 703 3548 brevissimus
723 3506 834 3548 eorum
853 3506 931 3548 usus
951 3483 1021 3562 erit,
1036 3483 1097 3547 ista
1115 3480 1270 3560 serimus;
1294 3484 1351 3550 sed

179 3597 182 3608 ·
301 3566 510 3649 aerisfacturo
524 3570 681 3653 rtepotibus
695 3573 842 3635 umbram.

621 3770 917 3849 EXCURSUS
953 3769 1025 3842 ΙΙΙ.

300 3887 455 3958 aetenae
465 3913 570 3957 vonam
579 3889 822 3972 Homoiourum,
833 3899 913 3978 quaa
926 3890 1075 3978 <ligamini
1085 3889 1217 3977 uesdgia
1227 3910 1350 3970 amare

304 3979 306 3984 ⁵
552 4051 554 4056 ,
746 3980 902 4050 ortatu.

344 4094 447 4178 Utin
469 4093 613 4173 Homeri,
636 4106 746 4180 poetae
773 4093 883 4173 Ionioi,
910 4091 1098 4174 ‹anninibur
1123 4088 1273 4178 digammi
1296 4111 1350 4154 ve-

263 4195 266 4201 ’
285 4181 397 4270 ..stigio
409 4184 509 4256 inesse
527 4181 700 4260 credamus,
717 4205 826 4248 caussa
843 4180 950 4268 aliqua
967 4178 1080 4244 idonea
1093 4176 1279 4242 nosadduci
1294 4194 1350 4241 no-

221 4277 224 4283 ’
299 4292 382 4334 cesse
396 4285 451 4336 est.
497 4269 605 4336 Posita
623 4291 661 4334 ea
680 4280 726 4333 est
740 4268 773 4333 in
787 4270 857 4347 hoc,
873 4267 1007 4368 quod-in
1021 4266 1109 4331 certis
1123 4265 1243 4330 unaue
1257 4285 1277 4327 a
1291 4285 1348 4354 tro·

300 4356 359 4422 cali
373 4358 591 4440 incipientibus,
606 4355 728 4444 quoties
747 4355 902 4422 antecedit
925 4353 985 4419 alia
999 4375 1062 4418 vox
1076 4351 1115 4439 ⁸in
1132 4349 1270 4417 vocalem
1291 4349 1350 4416 de·
