2998 5052
508 349 745 416 DISSERT.
771 345 820 415 11.
1125 355 1189 418 325

139 521 171 582 P.
189 521 261 587 728.
283 526 320 585 Τ.
339 521 409 588 168.
433 523 494 588 Od.
511 530 547 589 Δ.
564 526 637 593 357.
655 525 729 594 792·
753 527 789 592 Ξ.
805 524 856 589 65.
874 529 909 588 Τ.
926 524 1000 590 206.
1014 547 1052 589 ex
1068 525 1186 612 quibus

138 603 214 671 locis
228 629 312 686 eum,
351 608 384 673 ui
400 609 439 674 Il.
455 613 495 674 Ο.
510 623 622 690 exstat,
637 611 756 674 frustra
770 609 856 689 vitio,
871 610 959 698 quod
980 611 1103 676 nullum
1126 625 1183 693 est,
1315 616 1326 686 ,’

138 690 270 758 liberare
284 632 407 761 studuit
422 696 627 762 Thierschius
641 719 672 786 p.
690 695 763 768 196.

183 780 247 844 Sed
267 781 466 848 redeundum
487 783 519 847 in
542 783 622 848 viam
644 793 699 848 est.
746 782 859 848 Tertio
877 783 959 848 enim
981 785 1185 872 quemadmo-

137 865 215 930 dum
230 866 417 935 indicativus
432 868 529 935 solere
542 868 744 969 aliquidfieri
757 868 885 949 indicat,
900 868 945 935 ita
966 871 1184 1022 corpunctivus

136 952 179 1016 ad
194 975 294 1018 unum
309 957 445 1021 refertur
466 979 505 1020 ex
526 957 672 1072 piunbus
689 957 820 1021 factum.
836 955 898 1021 Od.
913 961 949 1020 Τ.
964 959 1004 1022 51
1031 1007 1037 1021 .
1053 961 1088 1033 ὥς
1102 959 1123 1022 δ
1139 957 1184 1022 δτι

136 1041 300 1127 Πανδαρέου
322 1043 403 1130 κούρη
424 1058 549 1151 χλωρηις
571 1042 657 1121 ἁηδοδν
680 1045 768 1107 καλὸν
786 1041 918 1130 ἀείδῃσιν,
935 1042 1012 1127 έαρος
1026 1043 1081 1110 νέον
1097 1051 1182 1110 irra-

135 1125 237 1206 μένοιο,
250 1129 372 1212 δενδρέων
387 1133 414 1194 έν
428 1145 575 1195 πιταλοισι
591 1129 752 1212 καθεζομένη
767 1133 928 1192 πυκινοῖσιν·
945 1131 963 1208 ἦ
975 1153 1006 1194 τε
1022 1131 1098 1212 tripu
1111 1155 1183 1217 τραν-

134 1219 219 1276 πῶσα
241 1213 307 1298 χέει
332 1217 479 1302 πολυῆχεα
501 1217 594 1298 φανέν.
640 1216 735 1294 Quod
753 1214 841 1292 dicit,
860 1214 937 1301 χέει,
959 1215 994 1280 id
1018 1215 1181 1304 significat,

126 1293 262 1378 flauere
283 1301 379 1365 solet:
409 1309 483 1366 nar'n
511 1302 536 1366 si
561 1301 621 1366 hoc
645 1301 750 1381 vellet,
773 1323 858 1366 nunc
882 1301 982 1366 isam
1007 1300 1181 1382 lusciniam,

133 1403 235 1470 quum
249 1385 304 1466 ita,
320 1387 368 1452 uti
382 1387 469 1467 dicit,
482 1389 516 1454 in
531 1389 641 1453 arbore
657 1389 766 1454 sedens
780 1387 874 1467 currit,
889 1325 1023 1454 iirndere
1038 1409 1182 1454 sonoram

133 1491 252 1550 vocem,
269 1474 468 1562 conjunctivo
490 1475 644 1540 utendum
666 1488 744 1553 erat,
760 1473 1026 1563 quemadmodum
1046 1498 1110 1539 non
1125 1475 1183 1540 aa.

132 1557 182 1636 δει,
199 1559 254 1622 sed
268 1559 387 1647 ἀείδῃσιν
401 1562 535 1642 dixerat,
551 1585 614 1626 nnn
628 1583 862 1650 quamcumque
877 1585 987 1626 canere
999 1560 1121 1625 solitam
1135 1562 1182 1626 in·

134 1643 278 1732 telligens
300 1646 474 1728 lusciniam,
493 1649 549 1714 sed
570 1671 677 1725 unam,
700 1671 832 1736 eamque
853 1647 970 1736 aliquo,
986 1668 1052 1735 quo
1073 1647 1124 1712 cui
1146 1647 1182 1712 li.

130 1728 215 1810 beat,
232 1734 381 1821 temporis
395 1749 554 1801 momento
568 1749 731 1800 canentem
742 1733 928 1799 describens.

176 1819 347 1884 Posuimus
369 1822 495 1910 regulas
517 1835 549 1886 et
571 1846 697 1910 genera,
716 1821 833 1908 quibus
853 1820 947 1886 etiam
969 1820 995 1884 si
1018 1819 1095 1884 nihil
1116 1842 1181 1884 am-

130 1903 216 1991 plius
230 1905 427 1986 adderemus,
444 1922 492 1973 sat
512 1909 591 1990 lucis
613 1909 654 1973 ad
674 1907 756 1972 hanc
777 1906 929 1972 rationem
948 1905 1077 1970 allatum
1100 1905 1182 1971 arbi-

131 2001 295 2058 truemur.
343 1994 405 2058 Sed
425 1995 553 2082 juvabit
576 2009 681 2060 tamen
704 1993 828 2082 singula
852 1992 1036 2082 explicatius
1061 2005 1181 2082 pertra-

129 2089 225 2142 ctare.
261 2078 316 2144 'Et
329 2080 468 2168 primum
482 2102 594 2169 genus,
629 2079 694 2145 uod
708 2093 755 2144 est
768 2103 875 2144 rerum
890 2102 963 2145 vere
976 2077 1180 2157 exstantium,

128 2161 334 2230 indicativum
350 2166 407 2232 sibi
426 2167 585 2255 postulare
606 2105 753 2233 diximus.
771 2167 810 2232 Il.
827 2171 868 2231 Θ.
884 2169 958 2232 540.
974 2164 1081 2248 τιοίμην
1096 2167 1130 2240 δ’,
1144 2168 1183 2240 ὥς

130 2249 199 2314 τίετ’
218 2252 350 2332 Ἀθηναίη
370 2255 418 2318 καί
440 2255 597 2319 Ἀπόλλων.
654 2253 781 2318 Referri
802 2253 865 2317 huc
887 2263 1020 2340 possunt
1042 2256 1082 2316 H.
1105 2253 1178 2316 468.

131 2335 184 2412 cita·
204 2363 236 2400 τε
257 2338 388 2426 πελώριος
404 2339 517 2428 ἔρχεται
526 2339 624 2428 Ἀρης.
648 2344 688 2404 N.
704 2342 777 2410 298.
794 2339 846 2413 οίος
860 2341 888 2400 δὲ
902 2335 1180 2426 βροτολοιγὸςἈρης

129 2423 279 2506 πολεμένδο
292 2425 423 2507 μέσοισιν.
447 2427 508 2491 Od.
526 2431 560 2490 Z.
577 2429 650 2492 102.
672 2426 711 2504 οίη
732 2423 906 2514 δ’Ἀρτεμις
929 2425 982 2488 εἶσι
1005 2426 1068 2487 κατ’
1092 2421 1180 2520 οῷρεος

130 2508 280 2598 ἰοχέαιρα;
305 2525 337 2576 et
357 2513 464 2578 avium
484 2512 651 2601 descriptio
674 2513 708 2577 in
731 2511 812 2577 Asio
828 2523 928 2661 Hpisato
948 2509 1178 2576 considentium

130 2593 170 2659 Il.
187 2601 222 2659 B.
239 2600 312 2669 459.
335 2601 536 2686 Quamquam
550 2601 628 2666 haec
643 2598 706 2664 scio
719 2598 812 2663 etiam

131 2681 228 2746 Certa
249 2707 324 2749 vero
345 2684 422 2750 haec
444 2699 519 2751 sunt
538 2692 577 2750 X.
593 2687 666 2752 018.
690 2685 741 2762 οίος
758 2685 778 2748 δ
794 2687 884 2763 ἀστὴρ
906 2684 959 2747 cici
979 2685 1040 2766 μετ’
1054 2688 1179 2768 ἄστροισι

129 2772 226 2844 νυκτδς
240 2775 363 2856 ἀμολγῷ
378 2771 500 2855 ἕσπερος,
511 2771 539 2847 δς
555 2773 710 2846 κάλλιστος
726 2776 752 2834 έν
766 2774 871 2855 οὐρανῷ
883 2769 1000 2833 ίσταται
1016 2769 1116 2851 οἰστῆρ.
1140 2772 1176 2830 Ε.

130 2856 164 2919 5.
185 2855 282 2942 ἀστέρ’
298 2861 416 2945 ὀπωρινῷ
438 2858 607 2944 ἐναλίγκιον,
624 2858 651 2934 ι’ίς
665 2883 696 2920 τε
710 2857 844 2940 μάλιστα
859 2857 989 2942 λαμπρὸν
1002 2853 1179 2940 παμφαίνῃσι

128 2941 294 3022 λελουμένος
307 2945 444 3009 οίκεανοῖο.
491 2945 621 3013 Sensere
635 2943 840 3008 accuratiores
854 2940 1061 3030 grammatici,
1077 2961 1179 3036 quum

129 3026 171 3091 de
196 3026 278 3092 Sirio
298 3051 399 3094 senno
419 3031 469 3109 sit,
486 3053 549 3095 non
569 3055 634 3095 esse
657 3028 858 3117 conjunctivo
879 3029 993 3106 locum,
1032 3049 1103 3090 uem
1127 3024 1179 3089 alu

129 3112 331 3197 admiserant,
348 3117 402 3182 sed
424 3117 628 3182 indicativum
649 3115 785 3204 requiri:
809 3139 847 3180 eo
865 3125 985 3203 spectat
999 3051 1180 3178 sdiroliastae

129 3200 243 3290 Veneti
264 3203 436 3283 adnotatio,
453 3227 489 3268 su
513 3203 629 3292 plenda
646 3227 686 3268 ex
708 3205 818 3290 Etym.
835 3203 885 3266 Μ.
901 3225 932 3288 p.
949 3199 1024 3280 650,
1041 3201 1070 3267 7.
1095 3199 1180 3263 Con-

129 3285 276 3352 firmatur
300 3288 360 3354 hoc
388 3289 450 3354 alio
516 3291 614 3356 umeri
639 3291 718 3368 loco,
743 3293 782 3352 X.
809 3287 862 3354 96.
891 3285 1081 3370 παμφαίνονθ’,
1111 3283 1179 3348 ὥστ’

130 3374 238 3460 ἆστέρ’,
253 3376 435 3459 έπεσσέμενον
448 3376 558 3456 πεδίοιο,
573 3376 600 3454 δς
613 3377 649 3465 poi
662 3380 688 3440 r’
704 3375 808 3464 ὀπώρης
822 3374 891 3439 είσιν
905 3370 1030 3460 ἀρίζηλοι
1046 3371 1074 3435 δέ
1088 3377 1116 3436 at
1127 3373 1179 3433 αδ·

129 3463 183 3545 γαί
207 3460 348 3541 φαίνονται
371 3468 501 3528 πολλοῖσι
519 3463 580 3544 μετ’
600 3463 725 3549 ἀστράσι
749 3463 844 3536 νυκτὸς
865 3463 997 3544 ἀμολγῷ·
1021 3457 1048 3521 δν
1069 3483 1100 3520 τι
1123 3454 1180 3518 κέν’

128 3545 266 3633 Ὠρίωνος
278 3548 424 3627 έπίκλησιν
447 3549 603 3614 καλέουσιν·
626 3548 825 3636 λαμπρότατος
838 3548 888 3628 μὲν
901 3544 946 3629 ’ὅγ’
962 3545 1034 3621 ἐστί,
1050 3542 1136 3605 κακδν
1151 3539 1180 3603 δέ
1269 3625 1272 3630 Ι

130 3657 162 3694 τε
177 3637 258 3715 σῆμα
271 3632 414 3713 τέτυκται,
432 3635 482 3698 καί
496 3661 527 3698 τε
541 3634 575 3713 φέ
592 3662 614 3698 ει
635 3635 740 3698 πολλδν
761 3635 874 3720 πυρετὸν
894 3633 1005 3694 δειλοῖσι
1021 3629 1180 3716 agnosca:

130 3729 163 3783 et
177 3717 227 3783 his
241 3719 404 3806 Apollonii
420 3721 491 3800 III,
507 3661 590 3791 9ss
597 3721 681 3798 δέατ’
695 3718 887 3806 ἁναίροίσκονν,
903 3715 953 3781 ἅτε
970 3714 1077 3803 Σείριος
1092 3717 1181 3777 tim·

129 3809 195 3883 νοῖο,
212 3804 238 3881 dg
261 3807 284 3893 ρ’
300 3807 357 3885 ἦτοι
381 3809 467 3883 καλδς
481 3809 533 3890 μέν
554 3806 683 3896 ἀρίζηλος
703 3808 729 3868 τ’
750 3803 885 3868 ἐσιδέσθαι
907 3801 1048 3882 ἀντέλλει,
1065 3801 1179 3883 μήλοισι

125 3891 150 3954 δ’
171 3895 198 3954 ἐν
212 3890 335 3956 ἄσπετον
348 3893 411 3971 ἧκεν
426 3894 504 3974 ὀϊζύν.

175 3979 278 4043 Porro
300 3980 356 4044 ubi
377 4001 561 4067 permanens
584 3993 683 4046 status
705 3977 927 4068 significandus
944 3986 1001 4054 est,
1017 3993 1179 4062 negamus,

131 4059 350 4152 quaecumque
372 4067 543 4154 particulae
564 4067 784 4144 adhibeantur,
800 4064 853 4128 alii
868 4062 974 4140 modo,
990 4081 1086 4170 quam
1101 4057 1181 4121 indi-

128 4151 234 4216 sativo
254 4151 359 4218 locum
381 4175 455 4218 esse.
486 4155 526 4219 Il.
543 4159 569 4218 1.
585 4157 637 4219 14.
652 4159 694 4217 II.
711 4155 741 4217 8.
757 4151 830 4217 οίστε
846 4150 926 4237 κρήνη
940 4149 1117 4232 μελανυδρος,
1133 4145 1180 4222 ἥτε

134 4239 199 4302 κατ’
215 4238 358 4324 αἰγίλιπος
371 4241 470 4328 πέτρης
491 4243 611 4330 δνοφερδν
623 4239 687 4325 χέει
702 4238 788 4327 ὕδωρ.
807 4241 850 4300 Μ.
864 4238 937 4301 169.
953 4238 987 4309 νίς
1003 4231 1046 4296 δτε
1060 4257 1091 4295 τε
1107 4231 1181 4319 δρύες

627 4329 688 4390 ut}
925 4371 932 4378 -
995 4381 1000 4388 .
1029 4361 1032 4366 .

869 2611 917 2668 ter,
930 2619 1021 2685 posse
1035 2596 1100 2660 inte
1124 2594 1131 2606 ⁸
1158 2593 1177 2658 ’.
