3008 5056
437 369 506 446 AD
529 367 678 440 1L1Ai).
701 373 733 435 Ρ.
757 368 830 439 θο6.
1095 375 1159 446 lte
1193 407 1198 416 ·

142 562 223 622 iiim,
237 539 335 608 niodo
348 541 441 608 metri
454 541 638 624 redonibus,
651 540 749 610 modo
768 542 909 624 nuribus,
924 541 1019 607 modo
1040 541 1161 610 vanan-

189 627 335 707 orstioni,
350 627 525 708 consulant,
539 651 613 694 cum
634 643 776 717 tempore
791 641 927 708 mutent,
942 627 1038 694 modo
1050 627 1161 717 vulga.

120 715 192 794 rius,
206 713 305 782 modo
324 713 511 801 exquisitius
532 729 696 803 usurpent,
711 728 743 784 et
763 715 873 782 endem
893 716 927 780 vi
946 715 1097 780 adhibent
1114 715 1162 782 di·-

122 823 222 866 verse:
246 799 294 866 its
313 799 512 884 ἇμφιβθβηκας
533 814 567 865 et
586 802 773 884 ἄμφιβαθνιις,
792 800 902 867 eodem
920 800 989 866 loco
1011 813 1085 866 sunt
1105 801 1162 867 hii·

121 886 230 967 beiide,
246 899 280 954 et
299 884 396 961 latine
415 899 499 952 recte
519 886 713 954 redduntur:
738 887 843 954 tueris
857 885 932 952 rln'
945 885 1015 954 adri
1035 887 1162 966 νίλθλον-

123 973 166 1048 θας
176 996 187 1053 3
208 986 295 1039 recte
315 971 425 1038 haberi
443 985 547 1061 potest
567 972 651 1038 idem
670 997 707 1040 ec
725 972 751 1038 si
772 971 890 1040 diceres
904 973 985 1060 θρχῃ,
998 970 1088 1051 ἦλθες,
1102 994 1163 1058 pro

123 1057 240 1126 diverso
254 1057 415 1146 cogitandi
427 1058 548 1133 modo;
572 1059 630 1125 etsi
650 1059 711 1124 hoc
730 1059 868 1158 proprie,
883 1057 910 1124 si
927 1057 1163 1147 grammaticam

123 1143 182 1212 vim
195 1144 381 1233 respexeris,
396 1143 447 1224 sit,
462 1145 579 1226 vertisti,
593 1145 714 1212 actione
728 1145 873 1210 veniendi
888 1145 1036 1234 perfectis
1082 1143 1164 1210 Sub-
1196 1167 1201 1177 ’

124 1229 212 1296 tilitas
232 1231 344 1318 itaque
362 1230 464 1320 logica
480 1230 587 1319 potius
607 1231 650 1296 ed
671 1254 796 1300 sensum
817 1230 993 1320 cogitantis,
1008 1253 1105 1318 quim
1120 1232 1162 1296 ed
1189 1253 1194 1266 ·

123 1317 267 1382 sermonis
280 1316 435 1384 rationem
448 1316 586 1382 multum
600 1317 743 1384 utilitatis
756 1317 861 1383 bibet.

163 1403 309 1470 Pendent
329 1401 404 1468 inde
424 1403 491 1468 fere
511 1426 559 1484 es,
574 1405 656 1492 qu'ne
677 1403 717 1469 de
738 1404 860 1469 caristie
873 1402 1038 1468 memorari
1052 1401 1164 1484 solent,

84 1494 94 1503 “
123 1487 266 1556 denotare
290 1513 346 1556 eos
370 1502 497 1577 tempus
517 1489 722 1578 praeteritum
742 1489 962 1577 qualecunque
983 1487 1164 1566 indefinite3

124 1574 165 1640 ite
183 1576 321 1665 γέγραφα
335 1575 490 1641 scribendi
504 1589 576 1641 actu
590 1575 680 1641 finito
691 1577 760 1664 jem
774 1600 810 1641 ac
824 1585 973 1654 cessante,
987 1586 1021 1639 et
1035 1575 1164 1660 ἔγραψα,

126 1662 248 1812 quaudo
268 1661 360 1732 nulle
380 1675 465 1728 certe
486 1661 634 1750 temporis
655 1661 813 1732 motione
835 1659 990 1749 scripsisse
1003 1683 1055 1726 me
1072 1660 1166 1748 signi-

146 1769 188 1821 oo.
231 1750 335 1814 Recte
348 1748 425 1814 haec
447 1747 532 1814 dicte
549 1770 607 1838 per
626 1771 668 1814 se.
712 1751 762 1818 At
775 1747 809 1814 iii
823 1746 1046 1814 sententiarum
1060 1745 1165 1834 positu

126 1846 155 1897 et
169 1833 333 1921 junctura,
349 1833 449 1899 nolim¹
466 1832 567 1898 otium
589 1834 730 1903 consumi
750 1833 784 1898 iii
803 1832 999 1922 expediendi
1012 1831 1168 1906 subtiliter

128 1942 228 1986 sensus
241 1919 274 1984 vi
288 1919 383 1990 simili
396 1943 433 1986 sc
446 1918 633 1988 discrimine
677 1923 750 1988 Usu
763 1919 915 2008 loqmndi
930 1919 1081 2007 pleraque
1094 1941 1168 1984 con-

126 2004 313 2087 tunduntur,
337 2005 498 2072 interdum
522 2030 651 2094 quoquc
674 2019 856 2074 mutentur:
877 2005 1001 2084 τθθννικεν
1023 2017 1056 2070 et
1081 2004 1169 2070 ἔθανεν

127 2105 289 2158 occurrunt
314 2091 425 2159 eodem
438 2093 472 2158 in
485 2091 566 2172 loco,
579 2093 690 2160 endem
703 2092 753 2159 vi:
777 2106 921 2159 mortuus
934 2103 1002 2166 est3
1026 2105 1169 2158 servatur

127 2178 247 2266 propria
258 2179 312 2244 vis
325 2177 359 2244 in
374 2178 494 2258 θθιησνν,
509 2177 711 2245 moriebatur.
755 2182 801 2244 Et
814 2178 858 2244 sic
877 2178 910 2244 in
923 2176 999 2243 tiliis.
1021 2173 1169 2258 ἑληλυθνθς,

129 2263 406 2423 suriunt
421 2263 979 2417 rorent
990 2286 1064 2416 ιι
1077 2286 1171 2416 ιιι

129 2401 245 2507 inlidet
268 2375 471 2526 oepwiniiigrlii
484 2439 551 2525 πρὸς
564 2440 659 2518 αὐτὸν,
672 2375 848 2502 iliiqroeiiroe.
893 2434 1074 2502 concidunt
1092 2436 1170 2502 haec

130 2521 223 2590 multo
242 2523 357 2612 magis,
372 2522 407 2588 in
427 2523 549 2590 coristis
569 2523 724 2602 secundis,
739 2522 765 2587 si
779 2545 890 2588 verum
909 2534 967 2601 est,
982 2519 1070 2608 quod
1083 2521 1171 2608 equi.
1236 2589 1239 2598 Ι

131 2606 196 2676 dem
209 2633 324 2676 verum
337 2631 403 2676 esse
416 2609 563 2691 arbitror,
577 2609 707 2676 eoristos
720 2609 779 2676 hos
791 2607 871 2674 nihil
884 2606 971 2672 eliud
984 2626 1171 2696 essequam

132 2707 266 2784 tempora
285 2695 449 2786 praeteriti
469 2694 643 2784 imperfecti
660 2696 841 2776 verborum,
856 2717 938 2783 quae
952 2693 1172 2783 olim'usuthir-

132 2778 192 2852 bin
204 2796 289 2862 sunt,
305 2795 379 2872 post
391 2782 469 2851 lisec
483 2804 545 2847 usu
558 2780 753 2861 exciderunt,
769 2794 891 2847 servato
913 2793 1036 2844 trintum
1057 2778 1172 2867 imper-

135 2865 209 2936 fecto
221 2881 254 2934 et
266 2869 306 2936 iis
320 2891 403 2957 quse
416 2868 491 2939 inde
504 2867 601 2936 ducta
615 2880 708 2943 sunt;
731 2867 777 2933 its
796 2865 958 2956 probabile
971 2865 1008 2929 fit
1022 2863 1097 2929 olim
1109 2865 1172 2957 fre-

134 2966 277 3062 quentato
289 2978 357 3020 esse
371 2954 464 3020 κτάνω
477 2965 510 3018 et
523 2952 640 3018 κτανθω.
664 2953 735 3018 θάνω
757 2966 789 3018 et
809 2951 904 3017 θανὲω.
926 2950 1012 3016 unde
1031 2973 1067 3014 su
1108 2962 1173 3022 rest

136 3063 250 3120 εκτανον,
265 3041 368 3108 ἔθανον.
381 3039 529 3119 finnloech
544 3037 640 3117 title,
656 3037 745 3126 quod
758 3050 791 3102 et
804 3037 915 3102 θλνθθω.
960 3038 1013 3101 Its
1031 3059 1065 3100 so
1076 3060 1097 3100 o
1110 3039 1172 3103 usii

135 3145 272 3214 accepere
293 3149 332 3192 ee
351 3125 512 3192 notionem
531 3124 618 3190 illem
639 3123 809 3209 ἀιρνσνινήν.
851 3121 910 3186 Ad
931 3120 1008 3186 tales
1032 3122 1173 3210 argutias

138 3231 221 3298 saepe
245 3235 304 3278 nos
328 3225 477 3278 revocant
498 3209 685 3278 Clsrkisnee
712 3207 848 3277 notulae.
893 3209 993 3274 Recte
1018 3207 1174 3276 monitum
1258 3217 1261 3224 '

137 3317 188 3382 per
208 3321 257 3364 se:
281 3297 395 3380 βέβηκα
409 3310 440 3362 et
455 3296 553 3380 βθβαα
573 3319 650 3375 esse,
668 3295 818 3376 discessit,
832 3293 921 3374 obiit,
937 3293 1023 3374 exiit,
1039 3307 1071 3359 et
1085 3295 1174 3375 βιβῆ-

136 3407 184 3463 κει,
198 3383 387 3450 discesserat.
418 3385 487 3450 Nec
502 3381 728 3470 tamen'negen'
741 3394 856 3470 potest,
869 3379 978 3445 multis
991 3379 1067 3445 locis
1079 3403 1117 3444 en
1129 3379 1175 3446 its

136 3468 215 3553 poni,
239 3483 277 3536 ut
299 3468 341 3534 de
364 3482 511 3535 accurati
534 3481 713 3568 temporum
738 3465 896 3533 notitione
939 3465 1026 3532 uacri
1047 3465 1175 3549 omnino

137 3575 195 3620 non
211 3554 321 3644 possit,
336 3555 572 3643 permutatique
592 3567 674 3620 mter
695 3578 728 3620 se
749 3553 866 3618 eodeni
878 3575 934 3618 ver
994 3565 1028 3616 et
1048 3575 1106 3640 per
1126 3551 1175 3634 ἔβη

139 3653 190 3708 sut
210 3641 301 3708 reddi
322 3655 379 3706 eut
399 3641 489 3707 reddi
509 3663 616 3730 posse:
641 3653 679 3706 ut
692 3645 732 3706 A.
747 3641 808 3704 221
825 3639 877 3719 ἦθ’
892 3637 1074 3722 Οὔλυμπόνδε
1087 3639 1177 3719 diffi-

140 3751 190 3807 in,
211 3726 342 3815 quidni
363 3741 447 3792 recte
469 3727 517 3808 ἔβη
538 3725 674 3792 dixeris?
697 3732 735 3791 Δ.
756 3728 821 3796 492
840 3731 890 3788 τοῦ
910 3724 962 3806 μὶν
984 3721 1097 3824 ἅμαρθ’,
1115 3729 1128 3788 θ
1146 3726 1175 3789 di

140 3814 238 3881 dnm
266 3813 532 3900 βιβλήνινν-ἥρνπν.
564 3811 643 3899 quid
668 3811 835 3889 desideres,
859 3808 884 3874 si
910 3809 998 3891 θβαλι
1023 3809 1175 3876 dixisset?

139 3897 210 3966 Uno
228 3901 403 3986 eodemque
423 3899 492 3964 loco
506 3903 542 3962 E.
556 3900 623 3966 587
644 3897 703 3982 θγι.
715 3897 1003 3974 ἔκτισιν-εἱστήκει,
1022 3897 1105 3982 τύχε,
1120 3896 1176 3970 βά-

141 3995 195 4092 ,m
210 3998 333 4085 poteret
346 4007 474 4073 quoque
487 3984 594 4085 locum
612 3984 728 4082 hnbpre
745 3982 822 4060 ἔστη.
865 3983 934 4046 Nec
947 3979 1050 4080 video,
1060 3979 1177 4079 ‘quidni

141 4085 411 4268 intrusi
431 4070 1221 4244 ιιιιιιιιἰΠαρθ
1296 4111 1300 4122 ·

142 4240 201 4340 spis
222 4243 326 4327 δώματ’
357 4243 539 4331 Αλεξᾶνθςινο
558 4239 896 4325 βεβήκει-ἔνθ”Εκτωρ
918 4239 1083 4313 εἰσῆλθΐνε.
1099 4238 1174 4304 318.

143 4348 208 4410 quis
230 4342 333 4396 temen
345 4341 448 4417 'neget
468 4351 567 4416 neque
589 4327 669 4394 bene
689 4325 809 4393 dictum
827 4323 923 4390 fuisse
945 4321 1177 4413 llinisequun-
1309 4362 1314 4370 ·
