2998 5052
332 349 409 414 aar
483 305 495 322 ¹
682 345 935 411 excussus
958 345 1027 409 111:

332 519 530 608 linquendos,
545 519 608 584 non
623 541 682 606 pro
695 518 797 584 fundo
813 518 973 585 doetrinae
991 515 1112 582 ethicae
1125 539 1191 581 esse
1204 511 1378 590 habendos,

332 629 397 670 non
418 607 518 696 magis
537 628 634 694 quam
661 605 861 670 eaerimonim
888 625 1046 670 sacrorum
1066 603 1219 691 vulgares
1264 604 1314 667 At
1329 599 1381 664 'illi

275 715 278 728 ·
331 692 416 756 viam
440 692 472 757 in
544 693 570 758 si
591 704 665 758 sunt
686 691 852 770 diversam,
868 704 906 757 ut
922 691 1045 780 ineptos
1066 704 1097 755 et
1117 689 1230 778 impios
1251 687 1380 778 mythos

331 716 554 930 philosophidis
575 778 748 844 rationibus
769 778 940 844 enodarem
960 792 992 843 et
1009 777 1221 842 defenderent.
1266 773 1380 840 Potuit

354 887 392 930 oc
414 866 553 931 studium
571 881 698 931 ¹summa
718 880 829 954 poetae
851 865 1028 944 auctoritas,
1044 878 1076 930 et
1095 863 1129 928 in
1150 861 1261 928 ceteris
1282 863 1379 928 rebus

332 951 452 1023 utilius
465 953 508 1016 ad
521 952 603 1018 vitae
624 975 718 1016 usum
732 966 765 1017 et
782 952 981 1052 prudentiam
999 951 1158 1038 adjuvare.
1202 952 1316 1037 Atque
1332 947 1379 1013 ita

331 1037 434 1103 multo
447 1039 547 1128 magis
570 1051 753 1118 statuemus,
770 1039 850 1104 side
867 1039 1054 1104 Metrodoro
1070 1037 1219 1102 audimus
1237 1047 1377 1116 narrata,

332 1124 435 1216 primo
455 1142 487 1190 et
508 1124 633 1190 classim
654 1125 819 1214 allegoriae
839 1125 936 1213 hujus
956 1125 998 1189 ad
1019 1124 1173 1189 tuendum
1195 1124 1377 1190 Homerum

331 1225 494 1298 susceptae
518 1225 663 1289 auetore;
687 1235 782 1300 quem
805 1215 865 1278 Ion
888 1211 1029 1278 Platonis
1048 1211 1131 1276 inter
1150 1209 1378 1299 praestantiam

331 1320 400 1362 mos
411 1298 548 1368 Homeri
561 1298 746 1387 interpretes
757 1298 868 1364 laudat
889 1321 962 1363 cum
986 1298 1191 1363 Stesimbroto
1208 1296 1331 1362 Thasio
1345 1308 1377 1360 et

332 1385 496 1460 Glauoone
513 1385 568 1471 (ad
582 1409 678 1474 quem
696 1385 755 1452 loe.
771 1410 800 1449 v.
817 1385 948 1451 Mulleri
961 1399 1053 1452 notas
1071 1407 1103 1472 p.
1120 1388 1162 1450 10
1179 1387 1241 1472 sq)
1257 1385 1376 1448 Metro·

242 1467 246 1474 ¹
331 1473 424 1543 dotto
439 1472 663 1556 Lampsacenae
675 1475 887 1561 Anaxagorae
904 1477 1011 1560 (quem
1027 1475 1170 1538 Socrates
1178 1493 1308 1558 quoque
1321 1491 1378 1534 au·

330 1557 426 1646 divit)
446 1572 514 1624 erat
534 1559 660 1625 auditor
682 1563 797 1647 (eoque
810 1559 952 1624 diversus
965 1560 1007 1625 ab
1021 1558 1206 1647 Epicureo).
1244 1559 1299 1622 Ex
1315 1557 1376 1620 Ila-

330 1645 433 1711 verini
446 1641 539 1710 variis
552 1645 688 1711 historiis
705 1647 770 1711 Dio
809 1669 865 1712 nes
879 1647 985 1712 Laert.
1003 1649 1055 1727 11,
1071 1648 1110 1710 ll
1130 1643 1267 1733 apponit·
1280 1644 1374 1708 haee:

330 1732 469 1819 primum
492 1736 716 1821 Anaxagoram
738 1671 870 1798 ettiiiisse
885 1735 1016 1798 Homeri
1034 1733 1139 1817 poesin
1155 1753 1248 1818 ogere
1262 1733 1302 1794 de
1306 1727 1376 1816 jata-

332 1820 400 1884 titia
415 1830 453 1906 'et
473 1821 606 1885 voute:
630 1824 704 1885 δοκεῖ
723 1821 751 1886 δὲ
771 1829 875 1908 πρῶτος
898 1824 944 1898 τὴν
964 1822 1088 1905 Ὀμήρου
1117 1819 1236 1898 ποίησιν,
1264 1816 1371 1903 huppl-

331 1907 442 1983 νασθαι,
459 1905 524 1969 εἶναι
543 1907 604 1994 περὶ
623 1913 719 1992 ἀρετῆς
736 1909 783 1972 καί
808 1908 987 1984 δικαιοσύνης,
1007 1907 1087 1991 (sive
1105 1931 1143 1971 eo
1164 1928 1268 1984 sensu,
1287 1903 1374 1991 quod

330 1991 462 2056 eredidit
480 2005 606 2080 poetam
634 1992 668 2056 id
697 1993 755 2058 sibi
783 1992 979 2082 propositum
1007 1993 1165 2072 habuisse,
1188 1991 1263 2071 sive,
1287 1990 1374 2078 quod

330 2077 477 2166 equidem
492 2079 637 2158 arbitror,
652 2080 728 2167 quia
744 2079 858 2144 idonea
871 2093 945 2144 sunt
962 2093 994 2144 et
1008 2095 1083 2168 apta
1096 2081 1164 2168 ejus
1181 2079 1323 2144 earmina
1334 2077 1374 2142 ad

330 2178 467 2232 mentem
480 2165 605 2253 justitia
625 2179 657 2230 et
678 2166 795 2232 virtute
815 2167 1043 2252 imbuendam.)
1092 2168 1216 2231 'lhitum
1238 2187 1303 2230 ease
1321 2167 1374 2230 ad·

330 2253 453 2316 modam
467 2253 522 2316 hoe
538 2253 698 2336 placitum,
714 2252 777 2339 ejas
796 2254 973 2338 discipulam
994 2255 1215 2332 Metrodorum,
1234 2255 1373 2316 eunden·

330 2359 388 2422 que
407 2339 533 2403 alterius
556 2341 726 2404 tendentem
747 2341 874 2404 muham
896 2339 1046 2406 lahoraste
1065 2342 1098 2404 in
1116 2341 1244 2426 physice
1263 2349 1376 2422 poetae

328 2425 467 2489 doctrino
489 2427 719 2492 constituenda:
743 2428 785 2491 ἐπί
808 2431 901 2492 πλεῖον
921 2429 949 2490 δὲ
971 2433 1122 2513 προστῆναι
1146 2433 1195 2490 τοῦ
1218 2427 1307 2512 λίγοο
1328 2426 1372 2490 τὸν

322 2503 511 2600 Μητρόδωρον
525 2515 571 2576 τὸν
582 2514 787 2596 Λαμψακηνὸν,
800 2513 935 2600 γνώριμον
950 2513 1015 2577 ὄντα
1037 2517 1132 2578 αὐτοῦ.
1151 2512 1180 2578 ‘dr
1195 2515 1243 2576 nal
1267 2520 1372 2598 πρῶτον

326 2597 484 2662 σπουδάσαι
503 2606 551 2662 τοῦ
566 2607 677 2676 ποιητοῦ
692 2601 751 2688 περὶ
767 2605 815 2678 τὴν
837 2603 952 2682 φυσικὴν
971 2599 1181 2688 πραγματείαν,
1195 2600 1226 2663 h.
1237 2623 1264 2664 e.
1280 2599 1314 2663 in
1328 2620 1373 2663 re-

328 2683 476 2747 vocandis
489 2698 599 2770 poetae
614 2687 731 2773 mythis
744 2685 786 2750 ad
799 2684 944 2774 physicas
962 2687 1127 2751 doctrinas.
1171 2687 1284 2774 Atque
1298 2686 1372 2750 haee

326 2767 443 2836 ,diserte
457 2769 594 2836 declarat
607 2770 694 2837 loeus
707 2773 931 2860 Athenagorae
944 2795 964 2836 a
977 2773 1085 2838 multis
1098 2773 1257 2849 laudatus,
1272 2775 1306 2860 in
1314 2795 1370 2858 qao

329 2856 380 2923 ille
390 2854 493 2938 sertor
511 2858 586 2921 nihil
606 2881 666 2922 non
685 2862 728 2923 ad
747 2859 927 2944 allegoriam
948 2861 1087 2924 retulisse
1093 2885 1106 2937 ς
1129 2861 1289 2937 Jmmvwm,
1308 2862 1370 2924 Mi-

329 2963 462 3023 minam,
477 2944 584 3008 Joaem
597 2947 672 3008 nihil
690 2947 775 3010 uliud
797 2968 861 3010 esse
879 2967 970 3030 qtmm
984 2948 1125 3032 physicos
1143 2949 1329 3012 ntbstontiua
1341 2956 1369 3010 et

327 3029 539 3094 elementorum
559 3033 806 3096 constitutiones:
831 3033 877 3096 eal
899 3034 1081 3121 Μητρόδωρος
1096 3035 1123 3097 δὲ
1139 3039 1152 3096 ὁ
1166 3035 1369 3117 Λαμψακηνὸς,

325 3119 355 3181 ἓν
370 3118 486 3204 adreel
497 3119 631 3202 Ὀμήρου,
649 3119 726 3201 (fuit
739 3120 808 3207 ejus
821 3118 914 3205 liber)
931 3120 995 3182 λίαν
1013 3121 1107 3198 εὐήθως
1121 3118 1283 3200 διείλεκται,
1299 3120 1368 3184 πάν·
1485 3159 1486 3220 p

271 3273 275 3277 ,
328 3227 366 3264 τα
381 3206 416 3276 είς
437 3204 611 3289 ἀλληγορίαν
625 3207 765 3290 μετάγων.
790 3204 851 3270 οὔτε
872 3211 932 3294 γάρ
947 3205 1053 3292 Ἦραν,
1077 3205 1138 3270 οὔτε
1160 3206 1287 3286 Ἀθηνᾶν,
1309 3205 1367 3271 οὔτε

329 3287 387 3357 Δία
409 3290 482 3351 τοῦτ’
502 3289 572 3378 είναί
593 3310 684 3370 φησιν,
705 3291 766 3377 άπερ
788 3299 811 3356 ot
832 3293 893 3367 τοὺς
910 3292 1070 3380 περιβόλους
1092 3295 1184 3367 αὐτοῖς
1207 3293 1255 3356 καί
1271 3293 1366 3376 τεμένη

328 3373 537 3456 ααθιδριίσαντες
552 3376 702 3458 νομίζουσι·
727 3379 830 3460 φάσεως
845 3381 873 3442 δὲ
887 3379 1053 3452 ὑποστάσεις
1073 3383 1120 3446 καί
1142 3379 1293 3465 στοιχείων
1307 3383 1366 3442 δια-

326 3459 485 3541 Ικοσμήσας.
520 3462 594 3524 Jam
616 3485 698 3549 quae
723 3479 910 3552 sequuntur,
935 3467 1015 3547 (esse
1038 3465 1115 3530 haee
1138 3465 1193 3528 illa
1208 3465 1366 3544 videntur,

323 3568 408 3632 quae
422 3547 569 3612 Eustath.
585 3548 709 3636 respicit
722 3573 756 3638 p.
773 3555 803 3616 A
819 3551 917 3638 med.)
933 3575 1042 3617 vereor
1055 3566 1093 3617 ut
1104 3551 1170 3640 ipse
1185 3553 1367 3641 Athenago-

325 3654 377 3714 ras
390 3647 473 3698 reete
487 3635 659 3723 aeceperit:
685 3641 736 3702 nal
747 3641 793 3703 τὸν
800 3637 929 3728 Ἕκτορα
944 3641 983 3717 δὲ,
1000 3639 1048 3702 καὶ
1063 3642 1109 3703 τὸν
1122 3641 1271 3724 Ἀχιλλέα
1285 3643 1365 3718 δηλα-

292 3771 304 3802 x
323 3719 356 3795 δὴ
372 3719 419 3781 καί
431 3718 477 3783 τίν
490 3723 703 3807 Ἀγαμέμνονα,
719 3727 766 3789 καί
786 3726 892 3800 πάντας
910 3729 1096 3804 ἁπαξαπλῶς,
1105 3723 1251 3802 Ἕλληνάς
1270 3753 1302 3790 τε
1319 3728 1365 3790 καὶ

322 3804 496 3893 βαρβάρους,
511 3811 561 3872 σὺν
574 3811 721 3898 rii-'Enim
737 3813 785 3874 καί
808 3817 849 3897 τῷ
865 3812 986 3895 Πάριδι,
1002 3818 1049 3888 τῆς
1064 3816 1146 3889 αὐτῆς
1161 3812 1267 3895 φάσεως
1282 3813 1365 3898 ὑπάρ-

322 3917 441 3976 χοντας,
453 3893 543 3979 χάριν
557 3895 710 3977 οἰκονομίας
733 3901 787 3982 ἐρεῖ
800 3924 835 3984 γε
850 3899 939 3982 (dicit
960 3899 1012 3962 ille
1026 3899 1164 3983 quidem·
1188 3899 1248 3963 nisi
1262 3923 1365 3964 eorru-

324 3990 418 4066 ptum
432 3993 488 4044 est.
503 4004 543 4044 an
557 3982 625 4066 fuit,
634 3987 692 4046 ἐκεῖ
702 4010 737 4069 γε
747 3986 776 4069 ?)
791 3985 988 4069 παρεισῆχθαι,
1005 3986 1104 4060 οὐδενὸς
1120 3985 1192 4060 ὄντος
1206 3987 1363 4072 προειρημέ-

323 4090 375 4128 νιιν
390 4065 542 4152 ἀνθρώπων.
588 4069 699 4134 Potuit
721 4071 926 4135 Metrodorus
947 4094 1092 4150 asserere,
1114 4071 1172 4136 hos
1193 4072 1278 4160 ipsos
1303 4095 1364 4137 esse

323 4173 410 4216 mera
434 4155 578 4243 exempla
605 4157 839 4232 charaeterum3
863 4157 969 4245 potuit
996 4159 1124 4258 quoque
1152 4159 1363 4246 pronuntiare,

325 4237 398 4304 fieta
415 4262 480 4338 esse
502 4243 638 4321 nomina,
655 4257 686 4308 et
708 4268 773 4309 esse
794 4245 877 4332 ipsas
897 4260 1089 4310 narrationes
1111 4245 1150 4310 de
1174 4247 1291 4334 Trojae
1312 4269 1363 4333 op-

324 4340 517 4420 pugnatione
545 4345 576 4419 et
605 4330 906 4418 Ulyssiserroribus
927 4346 1048 4419 poetae*
1066 4349 1289 4414 commentum,
1311 4332 1361 4420 qui
