2998 5052
415 411 501 510 *An
526 411 675 477 tmen.
698 417 735 477 e.
758 415 810 476 er.
1083 415 1147 477 aaa

152 580 360 668 Quaecunque
371 597 476 648 autem
491 583 710 672 prudentiores
723 585 805 650 inter
819 581 994 650 istiusmodi
1006 577 1148 650 homines

96 666 353 751 ,pmnuntiarant
369 693 406 734 ea
419 693 477 758 per
496 671 678 772 progeniem
698 671 831 764 repetita
852 671 893 737 ad
915 683 1055 762 posteros
1076 695 1149 760 pro-

185 753 318 830 bantum
344 756 497 830 memoria
518 759 629 848 igitur,
655 781 718 832 non
745 759 870 859 scripto,
897 760 1148 838 asservabantur,

113 859 161 935 mu
172 852 274 940 torum
299 865 338 906 ue
352 865 407 908 ore
420 843 532 910 iterata
547 846 640 911 modo
654 833 695 911 ab
709 846 753 931 im
794 846 861 911 ntis
880 846 975 911 modo
989 870 1009 911 e
1022 845 1148 934 peritio-

111 923 189 1023 nbus
203 950 288 992 varra
351 941 415 1010 tur,
435 932 639 1012 omabantur,
662 931 751 998 muta
814 945 885 1008 tur;
909 933 1036 997 accessit
1055 955 1148 998 vene-

109 1023 181 1075 ratio
193 1013 337 1102 religiosa
350 1018 558 1105 progenitoris
573 1019 688 1106 stirpis,
703 1019 868 1085 admiratio
886 1019 1040 1108 majorum
1055 1031 1087 1084 et
1101 1042 1149 1084 re-

110 1099 248 1197 verentia,
265 1125 448 1191 eorumque,
464 1129 546 1192 quae
560 1129 580 1170 a
593 1106 737 1193 patribus
751 1106 867 1172 tradita
883 1118 1077 1194 acceperant,
1092 1129 1148 1170 au-

110 1198 244 1252 ctoritas:
269 1211 333 1254 non
346 1190 454 1279 itaque
467 1191 527 1256 nisi
541 1215 614 1257 cum
628 1193 723 1258 animi
742 1195 856 1258 affectu
872 1207 903 1258 et
913 1192 1067 1281 impulsu,
1082 1191 1148 1256 ani-

109 1293 216 1368 }noque
227 1274 431 1355 inflammato,
444 1293 475 1343 et
486 1292 634 1365 tanquam
650 1280 757 1345 afflatu
773 1279 922 1358 divinitus
933 1279 1005 1360 acti,
1017 1277 1149 1366 antique

107 1371 161 1422 rste
184 1359 375 1437 recitabant;
399 1364 495 1452 idque
520 1365 661 1454 inprimis
685 1367 768 1431 inter
788 1379 895 1430 coetus
916 1365 1092 1445 tribulium,
1114 1365 1148 1430 in

108 1447 252 1534 panegyri
277 1449 431 1515 festorum
455 1447 651 1532 sollemnium,
673 1453 755 1519 inter
780 1475 876 1531 sacra,
899 1465 931 1517 et
952 1451 1079 1540 epulas3
1102 1451 1148 1517 ite

108 1549 226 1600 mirata
239 1536 414 1602 transibant
428 1538 461 1603 in
475 1553 596 1618 centus,
612 1563 683 1605 cum
699 1540 767 1628 ipsa
785 1539 906 1604 actione
920 1562 969 1603 res
983 1551 1086 1626 gestes
1100 1561 1147 1602 re-

106 1633 328 1772 ppZmnmnte,
344 1647 433 1688 versa
447 1625 490 1690 sic
504 1626 537 1690 in
552 1625 662 1690 drama
675 1641 707 1692 et
721 1628 863 1704 mimum,
879 1624 1078 1690 inflammatis
1090 1648 1158 1712 per,
1205 1689 1208 1694 .

137 1792 142 1804 υ
190 1708 306 1787 omnia,
322 1733 404 1797 quae
426 1727 562 1778 mentem
585 1712 712 1780 mirifice
733 1711 891 1804 impellere
912 1710 1060 1790 debuere,
1081 1711 1148 1776 ani-

107 1815 167 1856 mis.
213 1796 267 1860 Ita
292 1796 484 1886 antiquiores
507 1799 609 1888 mythi
634 1801 838 1878 ornabantur,
864 1798 1146 1886 amplificabantnr‚

106 1880 188 1944 novis
202 1881 271 1946 aliis
286 1905 342 1970 per
357 1885 556 1950 succedentes
578 1900 694 1972 aetates
711 1885 912 1977 locupletati;
936 1897 1088 1972 erantque
1101 1884 1148 1950 illi

104 1965 217 2033 nullius
239 1968 320 2034 alius
341 1971 474 2058 generis,
490 1995 587 2060 quam
606 1975 742 2060 mythici,
764 1997 854 2039 seusa
874 1971 969 2036 animi
988 1971 1148 2059 symbolice

101 2074 154 2134 per
165 2076 306 2120 rensuum
320 2057 438 2143 om'ectn
452 2059 653 2124 declarantes.

103 2224 109 2236 ι
144 2142 307 2229 Progressi
327 2157 401 2210 sunt
415 2159 538 2211 mature
552 2146 593 2211 ad
607 2148 758 2230 opiniones
778 2145 945 2212 nonnullas
959 2145 999 2210 de
1013 2145 1051 2208 iis
1066 2168 1148 2232 quae

102 2248 132 2289 1n
146 2241 261 2294 natura
276 2252 358 2295 nova
371 2244 401 2296 et
415 2231 539 2320 insolita
554 2233 676 2298 evenire
687 2233 841 2313 viderant,
853 2233 894 2297 ab
907 2232 956 2296 his
967 2231 1008 2296 ad
1023 2253 1147 2296 omnem

102 2335 204 2379 rerum
226 2329 386 2395 naturam,
409 2341 543 2398 caussas,
566 2333 690 2395 ortum;
713 2320 891 2385 fabulantes
909 2342 993 2397 vere,
1015 2340 1078 2382 non
1100 2341 1149 2382 ra-

101 2399 294 2483 tiocinantes,
311 2403 351 2468 de
366 2404 414 2484 iis,
429 2428 565 2493 quorum
585 2405 704 2476 nullam
724 2407 851 2471 omnino
870 2405 1029 2468 notionem
1050 2402 1148 2490 expli-

101 2485 190 2552 citam
217 2489 396 2557 habebant:
420 2515 561 2557 sermone
586 2505 691 2558 autem
717 2492 804 2558 nullo
829 2491 890 2556 alio
912 2491 988 2555 haec
1009 2489 1148 2578 profere-

100 2573 185 2654 bant,
202 2599 302 2662 quam
321 2577 375 2641 illo
394 2578 583 2666 symbolico3
605 2578 712 2667 itaque
728 2580 866 2666 cogitata
880 2577 975 2641 enimi
988 2583 1159 2641 converte'

101 2659 215 2728 bantur
229 2663 265 2728 in
279 2686 328 2729 ree
343 2675 461 2751 gestae,
476 2665 510 2729 in
520 2663 625 2748 sacta,
641 2665 674 2730 in
689 2685 843 2752 peremtas,
859 2668 974 2754 'easque
993 2665 1036 2744 ml
1054 2663 1148 2728 Immi-

98 2853 136 2916 egi
157 2856 258 2918 saepius
278 2862 304 2905 et
323 2857 404 2906 taedet
425 2857 492 2907 dicta
510 2857 606 2908 iterare.
647 2857 787 2908 Obscenae
798 2859 824 2907 in
836 2856 1006 2921 Theogoniam
1016 2845 1159 2916 interemta¹

100 2919 299 2972 Fundamentum
308 2923 389 3001 omnis
399 2923 472 2984 hujus
480 2924 606 2974 doctrinae
646 2924 786 2973 &naemei
797 2923 876 3002 multa
885 2923 911 2972 in
920 2921 1149 3034 Effl‘mfldstffi

97 2988 605 3118 timttititti‘tttttt:
645 2986 1046 3116 niteremini&
1068 2985 1148 3099 lit

98 3131 164 3176 puec.
176 3117 257 3166 Aced.
271 3117 325 3166 Vol.
338 3119 349 3167 Ι
365 3133 388 3180 p.
398 3119 463 3180 lat.)
478 3135 605 3180 posueram
646 3119 717 3182 plura
727 3119 753 3166 in
768 3119 955 3168 Commentariis
965 3115 1003 3164 ad
1007 3117 1148 3178 Apollodori
1217 3132 1221 3140 ·

95 3179 145 3241 jem
158 3198 227 3232 anno
243 3183 335 3232 saeculi
348 3184 425 3247 elapsi
435 3184 565 3234 LXXVll.
577 3185 603 3232 in
645 3184 825 3234 Remitterem
834 3182 890 3231 Vol.
899 3183 946 3231 Ill.
961 3179 1149 3230 Recentioribue

99 3247 318 3298 Commentatione
329 3250 359 3296 de
369 3251 467 3312 origine
477 3257 501 3297 et
512 3252 605 3298 caussis
645 3249 718 3298 annis
728 3249 816 3298 iterum
828 3263 868 3296 me
877 3249 908 3296 ed
919 3248 978 3296 baec
986 3247 1069 3296 stadie
1076 3253 1147 3296 revo-

92 3312 247 3373 sebulnrrim
264 3313 457 3362 Hmnericorum
473 3316 508 3376 [in
525 3315 605 3363 Novis
645 3315 710 3363 cnrit
717 3314 825 3377 operein
834 3311 936 3362 Homeri
948 3311 1149 3376 interpretatione

100 3377 293 3428 momentariis
313 3380 368 3426 Soc.
384 3379 415 3427 R.
436 3380 476 3428 Sc.
492 3379 603 3442 Gotting.
644 3379 734 3442 posita,
745 3379 849 3429 retraxit
859 3392 955 3442 quoqne
968 3377 1075 3426 invitum
1091 3375 1148 3436 viri,

94 3457 116 3504 p.
128 3442 179 3505 34.)
192 3445 220 3493 in
234 3443 324 3506 quibus
335 3443 445 3506 quidem,
454 3443 500 3494 etit
511 3441 542 3493 d'e
552 3445 603 3493 sin·
644 3445 715 3507 mine
730 3444 857 3508 ingenium
873 3451 898 3493 et
914 3443 1005 3492 famem
1024 3442 1149 3506 populeri-

95 3509 157 3569 gulis
180 3511 259 3559 rebus
279 3516 305 3557 et
323 3510 443 3570 exemplis
465 3510 544 3559 multa
565 3525 604 3558 me
644 3511 690 3559 bus
700 3525 782 3559 ceram
793 3507 1149 3572 magnobonorebebeo,meie

95 3574 183 3622 melius
205 3575 360 3624 constituere
379 3575 466 3627 XXIV
483 3590 604 3623 annorum
645 3581 728 3625 temen
744 3576 770 3624 in
787 3591 813 3624 ee
829 3573 914 3623 officiis
930 3572 1080 3634 meritisque,
1092 3579 1159 3634 cumj

93 3655 150 3688 usos
159 3649 185 3688 et
193 3640 360 3703 experientia,
370 3655 426 3688 cunr
435 3639 538 3704 repetita
546 3654 605 3689 cura
644 3640 786 3703 disciplinae
797 3654 865 3688 meae
876 3638 936 3686 olim
948 3637 1063 3686 alumnus
1073 3645 1150 3697 cenet,

91 3711 117 3753 et
135 3705 309 3770 investigandi
326 3705 417 3763 studio,
438 3703 556 3764 docuerit,
577 3714 605 3754 ut
645 3707 788 3768 nondigne
802 3704 939 3762 referentis,
950 3703 1057 3765 impetus
1070 3701 1097 3750 iri
1108 3717 1149 3752 me

94 3777 177 3832 temen
191 3771 221 3818 in
238 3769 376 3832 principiis,
389 3787 404 3818 e
414 3771 501 3832 quibus
512 3770 605 3833 relique
645 3771 734 3829 iactus,
747 3778 774 3818 ut
787 3770 876 3818 iterum
893 3783 981 3818 novam
998 3767 1149 3829 disquisitio·

91 3837 165 3894 dncte
183 3843 258 3894 sunt,
276 3835 368 3898 aliquid
384 3843 514 3894 mutarent,
532 3835 603 3894 nibil,
645 3851 700 3884 nem
726 3835 802 3884 tntius
825 3835 861 3882 rei
888 3833 1009 3898 mythicee
1034 3833 1147 3882 institue·

90 3901 155 3962 qnod
169 3917 212 3950 me
227 3915 328 3950 movere
344 3908 434 3962 posset,
445 3901 511 3979 vidi,
528 3901 604 3963 adop·
644 3917 709 3949 rem:
724 3900 848 3948 Vol.le
861 3898 1098 3950 Commentationum
1107 3912 1148 3945 ani
1234 3963 1237 3966 Ι

91 3973 177 4014 terunt
192 3983 225 4016 ea
241 3965 289 4013 viri
302 3967 377 4025 docti,
388 3968 431 4029 qui
443 3968 473 4015 de
483 3967 522 4015 bn
533 3966 604 4014 rebus
645 3967 739 4018 XCVII
751 3966 778 4015 in
790 3967 954 4014 Commentat.
967 3965 997 4014 de
1004 3963 1062 4027 fide
1072 3962 1147 4009 bisto-

90 4039 208 4094 egernnt,
235 4031 285 4080 etsi
313 4031 369 4080 aliis
393 4032 482 4082 verbis.
515 4031 604 4080 Subse-
643 4035 699 4080 rica
715 4031 964 4094 mearomymieuer
983 4027 1148 4076 maerorem

89 4105 168 4157 qanta
182 4105 229 4146 est.
242 4096 317 4145 istam
332 4097 564 4146 commentationem
577 4111 604 4144 a·
643 4098 787 4146 scribendae
796 4099 864 4144 inter
876 4095 982 4143 Graecos
986 4091 1146 4158 primordiis,-

86 4162 123 4211 'lia
133 4163 166 4210 de
180 4163 333 4222 sseogonio
343 4163 375 4209 ab
388 4162 494 4211 Hesiodo
505 4161 606 4214 condito
646 4163 676 4210 de
692 4163 844 4226 elrina‘onibm
856 4175 903 4222 per
918 4160 1015 4220 mythos
1025 4156 1146 4209 eradicas

88 4231 124 4278 nd
136 4228 268 4280 Herodot.
281 4227 316 4286 ΙΙ,
328 4227 359 4274 52
374 4227 401 4274 in
414 4227 468 4279 Vol·
480 4227 514 4276 11.
536 4226 605 4275 (irni-
646 4229 744 4278 tandem
753 4228 932 4288 &morborum
938 4224 1092 4286 poemorum
1100 4235 1148 4268 na·

88 4289 282 4342 mentationum
304 4293 358 4340 Soc.
382 4292 411 4340 R.
433 4294 472 4340 Sc.
494 4291 605 4345 Gottinu.
641 4293 852 4348 rerurrectione.
887 4289 966 4350 Amne
977 4285 1003 4335 in
1015 4284 1149 4350 hiantique

87 4359 147 4407 enni
167 4357 296 4407 LXXIX.
313 4371 386 4418 quam
404 4357 503 4419 dignam
521 4345 606 4405 babuit
646 4357 705 4407 mihi
717 4356 919 4420 acquiescendum
930 4367 983 4402 esee
994 4350 1074 4401 video.

86 4425 191 4474 doctiss.
204 4419 327 4482 Wblflun
343 4429 372 4471 nt
391 4422 449 4482 inde
467 4420 563 4485 potiore
578 4421 605 4470 in

703 4507 725 4553 Q
