2998 5052
524 359 764 424 nissaav.
791 359 818 424 1.
1130 359 1206 452 εον

144 552 240 594 uerno
254 529 392 618 negabit,
407 531 512 620 τιταίνῃ
528 532 619 598 scribi
634 533 783 620 potuisse,
799 533 894 598 modo
908 531 1033 620 nequis
1052 531 1193 598 indicati-

144 639 224 680 vum
237 616 353 682 falsum
367 639 432 682 esse
446 618 640 705 pronunciet.
672 619 857 707 Pariterque
873 619 988 684 Latine
1001 632 1033 684 et
1047 617 1074 683 ον’
1089 617 1193 683 orcum

77 718 84 732 ‘
148 705 267 782 tendat,
289 715 322 768 et
343 725 435 788 qaum
456 726 560 769 orcum
582 707 678 770 tendit
698 706 790 771 dicas.
838 706 901 771 Sed
922 705 1083 770 videamus
1104 705 1191 770 aliud

143 789 352 876 exemplumz·
370 790 482 878 Odyss
498 797 538 854 o.
555 795 607 860 87.
624 793 670 870 ἤδη
689 794 740 873 μὲν
758 791 863 856 πολίων
882 792 961 874 τάφοι
984 795 1085 880 ἀνδρῶν
1107 797 1190 856 ἀντε-

144 875 259 956 βόλησα
274 875 375 963 ἡρώιον,
389 875 432 940 άτε
448 875 494 940 κίν
508 881 568 940 ποτ’
580 877 759 960 ἀποφθιμένου
774 884 908 958 βασιλῆος
920 857 1065 958 ζόιννυνταί
1078 905 1109 940 τε
1124 879 1188 958 νέοι,

144 961 195 1027 καί
211 962 394 1026 ἐπεντύνονται
409 961 504 1027 ἄεθλα.
536 965 635 1029 Putat
647 963 850 1028 Thierschius
864 987 896 1052 p.
909 961 981 1028 188
997 976 1122 1051 poetam
1138 981 1191 1028 ne-

143 1046 289 1112 cessitate
309 1061 451 1112 coactum
474 1049 616 1131 ζώννυνται
639 1049 764 1130 dixisse,
780 1050 868 1137 quod
886 1051 946 1114 hoc
960 1051 1092 1116 verbum
1114 1072 1189 1114 con-

139 1132 287 1219 junctivo
300 1148 430 1213 careret,
445 1134 579 1222 ideoque
596 1148 679 1202 certe
697 1139 880 1200 ἐπεντύνονται
900 1137 933 1200 in
955 1136 1190 1223 conjunctivum

145 1219 264 1282 mutari
278 1219 400 1284 debere.
424 1221 551 1286 Malum
565 1245 650 1302 vero,
666 1221 691 1287 si
705 1233 799 1310 poeta
813 1234 878 1286 tam
891 1223 982 1309 inops
995 1223 1106 1288 frrisset
1119 1244 1192 1287 oon-

144 1304 216 1383 silii,
233 1317 269 1370 ut
284 1329 347 1371 non
361 1320 417 1373 aut
431 1307 666 1394 conjunctivum
677 1307 842 1388 declinare,
854 1321 911 1372 aut
921 1308 1018 1392 verbo
1032 1309 1091 1387 uti,
1103 1308 1192 1397 quod

143 1391 276 1456 haberet
297 1393 543 1480 conjunctivum,
558 1395 721 1482 potuisset.
766 1395 840 1460 Hoc
854 1394 983 1482 quidem
996 1394 1029 1458 in
1043 1394 1112 1459 loco
1126 1406 1191 1458 tam

143 1478 309 1544 necessarii
331 1493 404 1544 sunt
425 1479 594 1560 indicativi,
616 1494 654 1546 ut
671 1505 774 1569 neque
794 1481 841 1545 uti
855 1479 1071 1568 conjunctivis,
1086 1502 1190 1568 neque

143 1587 210 1630 uon
231 1564 280 1629 uti
300 1564 475 1631 indicativis
495 1566 626 1633 licuerit.
672 1567 767 1647 Quod
781 1591 882 1655 quum
897 1581 962 1633 tum
978 1580 1123 1656 apertum
1139 1565 1189 1646 sit,

144 1666 183 1716 ut
197 1650 460 1717 demonstratione
474 1676 537 1718 non
551 1653 701 1742 indigeat,
718 1653 791 1718 setis
804 1654 904 1719 habeo
921 1652 1066 1741 adjicere,
1082 1673 1191 1739 quem-

145 1735 320 1802 admodum
342 1738 456 1804 Latine
477 1761 541 1803 non
563 1739 689 1820 dixeris,
705 1741 816 1804 multoe
828 1741 892 1804 atat
913 1741 1009 1818 ludos,
1023 1761 1115 1826 quum
1128 1759 1190 1802 ccr-

146 1825 265 1888 tumiuo
285 1825 470 1890 instituerint
482 1827 623 1910 juvenes,
646 1826 700 1890 sed
715 1849 805 1912 quum
825 1825 995 1904 instituunt,
1016 1824 1061 1888 ita
1082 1847 1192 1889 caven-

144 1910 225 1975 dum
247 1931 323 1988 esse,
341 1933 381 1975 ne
405 1913 543 1976 Graecos
558 1913 673 2000 jubeas
693 1911 806 1991 dicere,
821 1912 910 1999 quod
923 1910 985 1976 dici
999 1934 1062 1976 non
1076 1923 1188 1998 potest

136 1995 212 2062 'Sed
226 1994 306 2082 quid
319 1996 421 2062 verbis
435 2001 533 2085 opus?
557 1998 769 2065 Inveniuntur
783 1998 866 2062 enim
880 1997 951 2077 loci,
966 1998 1022 2098 qui
1037 2010 1101 2062 tam
1116 2011 1191 2062 sunt

143 2081 296 2148 adversus
318 2105 424 2148 omnes
445 2084 604 2149 machinas
625 2084 750 2164 muniti,
765 2097 813 2163 ut,
834 2083 893 2148 nisi
912 2106 1014 2149 nescio
1033 2107 1098 2171 quo
1116 2105 1191 2149 <asu

144 2168 326 2234 Thierschii
346 2169 539 2258 diligentiam
561 2171 753 2258 effugissent,
773 2170 915 2262 regulam
936 2171 1038 2250 istam,
1055 2182 1102 2236 sat
1117 2170 1190 2250 scio,

144 2278 211 2321 non
231 2254 342 2320 sitisset
362 2257 590 2344 propositurus.
625 2257 741 2344 odyss,
755 2263 792 2320 Σ.
810 2259 882 2325 alt.
899 2265 943 2320 νῦν
957 2261 979 2320 δ’
995 2256 1038 2321 ὅτε
1055 2259 1084 2335 δὴ
1097 2255 1191 2342 μέγας

146 2344 223 2422 ἐσσί,
246 2343 294 2406 καί
318 2343 385 2420 ἥβης
407 2343 506 2430 μέτρον
531 2344 641 2422 ἱκάνεις,
663 2343 753 2406 οὐκέτι
777 2369 818 2407 τοι
842 2341 932 2430 φρένες
956 2343 1023 2406 εἰσίν
1046 2341 1190 2424 ἐναίσιμοι.

146 2432 222 2493 408.
242 2429 308 2491 ἀλλ’
330 2427 358 2492 εὖ
378 2429 549 2511 δαισάμενοι,
571 2429 735 2493 κατακείετε
761 2427 846 2504 οίιιαδ
872 2427 965 2506 ἰόντες,
989 2427 1088 2490 ὁππότε
1110 2428 1191 2510 ίυμδς

145 2514 250 2598 ἄνωγε
272 2511 360 2578 διάκιο
381 2515 402 2576 δ
424 2513 502 2578 οὔτιν’
522 2513 626 2600 ἔγωγε.
672 2512 764 2578 Iliad.
780 2517 819 2576 N.
835 2515 909 2581 817.
925 2514 969 2576 σοί
984 2515 1005 2574 δ’
1026 2517 1102 2598 αὐτῷ
1123 2513 1190 2594 φημί

146 2601 250 2686 σχεδὸν
266 2598 392 2681 ἔμμεναι,
409 2601 508 2664 ὁππότε
523 2601 630 2685 φεύγων
644 2601 732 2688 άρῆσῃ
749 2601 800 2663 Διί
810 2600 895 2687 πατρί
911 2599 957 2662 καί
973 2598 1071 2673 ἄλλοις
1086 2597 1191 2662 ἀθανά-

146 2711 235 2750 τοισιν
260 2685 397 2760 θάσσονας
421 2684 520 2770 ’ίρηιιιον
545 2686 635 2768 ἔμεναι
662 2685 855 2774 καλλίτριχας
877 2686 981 2760 ίτπους.
1028 2684 1192 2750 Sic'etiam

145 2771 211 2838 Od.
227 2775 258 2834 P.
270 2773 344 2843 390.
361 2777 410 2835 οὐκ
425 2772 533 2858 άλέγυι,
550 2773 609 2846 είυις
623 2797 672 2855 μοι
687 2771 757 2858 ἔχέφ
774 2799 810 2838 νιν
826 2771 999 2848 Πηνελόπεια
1015 2771 1075 2851 ζάει
1092 2773 1127 2834 tu
1142 2797 1192 2854 με-

145 2859 257 2943 γάροις,
272 2858 320 2921 καί
334 2856 508 2944 Τηλέμαχος
523 2859 640 2936 θεοειδής.
677 2859 730 2922 Ita
779 2885 792 2932 ς
807 2857 898 2922 etlam
916 2855 1007 2920 Iliad.
1024 2861 1055 2920 P.
1069 2859 1141 2925 727.
1158 2855 1192 2942 iu

145 2942 287 3009 oratione
304 2942 450 3031 elliptica.
496 2943 588 3008 Alios
605 2944 699 3023 locoS,
715 2965 796 3032 quos
817 2943 922 3009 attuit
937 2942 1065 3029 quidem
1080 2941 1194 3006 Thier-

147 3028 264 3108 schius,
280 3029 335 3094 sed
349 3041 386 3095 ut
403 3051 456 3094 eos
473 3043 617 3108 tentaret,
636 3049 705 3095 tum
719 3028 905 3108 videbimuS,
921 3051 1021 3116 quum
1043 3028 1083 3092 de
1105 3049 1193 3092 oom-

143 3114 363 3206 ¹putationibus
389 3116 567 3181 Homericis
591 3116 721 3181 dicetur.
768 3114 828 3179 tlle
854 3128 958 3180 tamen
981 3136 1045 3178 non
1069 3127 1116 3178 est
1142 3112 1193 3177 hic

147 3197 455 3292 praetennittendus,
477 3202 533 3314 qui
554 3203 668 3267 0d.0.
686 3205 761 3273 195.
780 3213 899 3266 exstat:
924 3205 1005 3264 ἀλλὰ
1027 3201 1077 3266 θεοί
1098 3197 1194 3265 δυόωσι

143 3290 388 3372 ’πολυπλάγκτους
413 3292 574 3376 άνθρυιτους,
601 3287 701 3354 ὁππότε
725 3289 773 3352 καί
801 3291 966 3368 βασιλεῦσιν
992 3285 1194 3352 ἔπικλόισονται

139 3375 231 3456 ’δἰζόν.
263 3374 345 3440 Ubi
369 3397 469 3461 quum
494 3374 699 3440 Thierschius
721 3397 752 3462 pa
773 3377 845 3444 lau.
869 3374 1016 3439 futurum
1039 3386 1133 3451 recte,
1158 3384 1195 3456 ut

148 3461 296 3540 arbitror,
322 3460 522 3548 improbaret,
549 3473 654 3526 tamen
679 3484 743 3525 non
769 3459 1068 3527 debebat-codicum
1093 3457 1195 3522 lectio·

147 3549 244 3614 nibus
266 3547 309 3611 ad
331 3547 566 3635 conjunctivum
589 3546 818 3613 restituendum
845 3545 944 3624 abuti,
968 3567 1063 3633 quem
1089 3564 1197 3632 sensus

148 3633 222 3712 loci,
244 3633 364 3720 inquo
385 3633 539 3720 particula
560 3633 638 3696 ὁπότε
661 3632 805 3696 caussalis
828 3645 886 3710 est,
908 3652 1036 3719 prorsus
1060 3629 1197 3696 alienum

143 3729 220 3786 'e'sae
234 3719 380 3785 ostendit.
485 3783 489 3794 ,
513 3745 517 3755 ·
624 3741 628 3750 ’
680 3740 685 3752 ·
710 3745 714 3751 ’
779 3745 782 3750 ·
1195 3747 1196 3750 “

149 3847 151 3852 -
196 3807 279 3872 Aliis
298 3805 330 3873 in
350 3804 435 3884 locis,
450 3809 550 3892 quum
570 3802 788 3902 conjunctivus
804 3802 854 3868 vel
875 3803 1034 3890 optativus
1045 3800 1198 3888 vusurpari

144 3907 268 3990 posset,
283 3891 488 3956 indicativum
503 3891 652 3979 praetulit
666 3903 769 3978 poeta,
780 3912 847 3976 quo
861 3911 910 3952 res
923 3890 1051 3978 gravius
1066 3887 1198 3952 affirma-

143 3993 252 4046 ¹retur.
299 3978 359 4042 Od.
377 3983 417 4043 Θ.
434 3979 506 4045 317.
523 3978 604 4042 άλλά
624 3995 698 4060 σφυιε
719 3977 794 4062 δόλος
810 3976 863 4038 ’καί
879 3977 976 4057 δεσμδς
993 3974 1089 4061 ἐρύξει,
1107 3970 1196 4036 ιίσόκε

152 4087 200 4152 μοι
216 4063 300 4148 μάλα
313 4063 406 4127 πάντα
419 4070 510 4148 πατὴρ
525 4063 665 4127 ἀποδώσει
676 4059 758 4126 ἔεδνα.
804 4063 876 4138 Quo
900 4073 1005 4123 tamen
1026 4081 1090 4123 non
1104 4057 1197 4122 velim

153 4151 309 4240 quosdam
326 4149 410 4214 locos
429 4149 522 4226 trahi,
538 4148 702 4236 inquibus
720 4149 783 4232 πρὶν
796 4145 965 4225 invenitur,
976 4158 1017 4210 ut
1032 4144 1072 4208 Il.
1090 4153 1126 4210 A.
1143 4146 1197 4212 «⁶29.

149 4253 187 4304 et
205 4239 241 4306 Σ.
259 4239 331 4301 283.
378 4237 461 4300 Nam
479 4235 522 4300 ibi
543 4235 603 4320 πρίν
622 4256 685 4298 non
703 4235 889 4319 priusquam,
906 4231 960 4301 sed
982 4232 1065 4314 prius
1084 4229 1200 4318 signifi·

151 4347 235 4404 care,
252 4309 660 4410 majoremqueantecc‘dere
674 4319 788 4384 debere
805 4317 1087 4406 interpunctionem
1100 4329 1200 4406 puto,

654 4409 712 4470 xa
