2998 5052
324 359 340 418 .’
368 363 373 366 “
487 351 571 418 an
595 349 743 420 ILIAD.
766 355 805 416 u.
926 414 930 418 .
1112 353 1177 420 etr

124 531 172 606 pou
188 520 238 599 ἴση
255 525 331 586 κατά
352 527 402 600 τὴν
424 524 575 602 άξαιιοστὴν
590 524 699 603 ἒννάτην
709 521 905 608 Ὀλυμπιάδα,
921 526 957 598 ὠς
971 521 1185 609 Ἰππίστράτιίς·

124 624 215 684 φησιν.
233 607 335 690 (haud
357 607 454 674 dubie
474 614 486 670 ί
505 617 543 676 τὰ
564 613 624 709 aspi
644 610 779 685 Σικελίας
800 617 985 695 γενεαλογῶν.
1011 609 1113 674 Schol.
1128 610 1170 674 ad

106 692 225 778 .Pyth.
242 696 297 773 Vl,
314 698 349 794 4)
366 697 579 760 Praecesserat
599 719 633 760 m
656 695 758 761 Schol.
780 696 821 762 de
843 695 1025 760 Homeridis
1038 695 1070 760 h.
1085 719 1114 760 e.
1129 695 1170 760 de

122 777 306 866 rhapsodis:
330 804 363 845 ιιι
384 780 501 869 quibus
523 785 657 861 ίσιφανιῖς
672 786 699 846 δὲ
714 782 837 866 tyriam
852 787 876 846 al
889 783 949 868 περὶ
964 781 1109 861 Κύναιθον,
1124 780 1168 855 οὓς

124 867 195 944 φασί
209 873 305 930 πολλοὶ
320 876 374 931 τῶν
390 872 460 932 &aar
473 869 641 948 Δποιήσαντας
657 871 790 950 ἐμβαλεῖν
805 873 840 942 είς
853 871 902 944 τὴν
914 869 1038 953 Ὁμήρου
1051 867 1168 944 ποίησιν.

123 949 237 1015 ultima
250 966 397 1040 corrupte
411 952 572 1040 exscripsit
591 953 738 1018 Eustath.
752 976 784 1040 p.
800 951 822 1018 6
835 966 914 1017 extr.
930 975 987 1018 nec
1001 952 1127 1031 mirum,
1143 952 1169 1017 si

122 1036 299 1102 Cinaethus
320 1037 476 1103 ordinavit
496 1054 528 1102 et
573 1038 579 1051 '
655 1039 703 1104 uit
721 1037 903 1126 rhapsodias
916 1039 947 1102 in
964 1043 1164 1126 compagem!

120 1125 206 1188 «lure
222 1147 349 1210 quoque
371 1125 534 1190 memorari
556 1124 587 1188 vi
609 1138 702 1192 entur
722 1124 829 1213 plmes
847 1132 871 1188 οῖ
889 1125 1112 1207 διασκευάζοντος
1131 1129 1168 1188 τά

121 1217 172 1272 τοῦ
186 1211 320 1296 Ὀμήρου.
366 1210 437 1274 Etsi
458 1211 518 1275 hoc
540 1211 726 1292 διασκευάζειν
748 1211 836 1274 haud
855 1232 920 1275 uno
937 1211 1033 1274 modo
1049 1209 1169 1275 dictum

120 1295 264 1383 reperim
287 1310 334 1361 est
349 1309 453 1361 tamen
466 1296 526 1362 hoc
540 1319 632 1362 sensu
645 1296 730 1362 idem
766 1297 830 1361 uod
845 1299 978 1366 διαθεῖναι,
995 1310 1027 1361 et
1041 1299 1168 1361 διασκευ-

105 1386 225 1460 αστὴς,
241 1394 278 1446 ιιι
292 1383 412 1460 διαθέτης
431 1381 517 1471 apud
543 1383 698 1448 Herodot.
715 1320 796 1461 vll,
812 1380 862 1447 61.
887 1381 1107 1447 Onomacritus
1121 1395 1168 1446 est

121 1466 248 1544 διαίέτης
268 1475 323 1532 τῶν
342 1479 481 1553 χρησμῶν
496 1475 545 1534 τοῦ
563 1470 720 1546 Μουσαίου,
735 1468 766 1532 h.
783 1492 809 1532 e.
825 1467 881 1554 qui
899 1466 1022 1554 collegit
1037 1481 1069 1532 et
1083 1467 1167 1532 ordi-

121 1552 212 1618 navit
232 1553 358 1618 oracula
373 1554 509 1620 Musaei.
554 1554 692 1619 Omnino
705 1555 738 1620 in
758 1577 792 1618 re
810 1553 937 1618 libraria
954 1553 1019 1618 anti
1042 1553 1166 1618 uiorum

122 1638 289 1704 hominum
313 1662 441 1727 prorsus
465 1641 570 1704 animo
591 1640 741 1727 ejicienda
760 1653 806 1708 est
825 1652 932 1705 nostra
951 1577 1173 1726 resibrariar

121 1747 209 1812 quae
233 1749 341 1790 eorum
364 1726 474 1790 animis
497 1725 621 1804 insidet,
644 1725 700 1876 (pi
722 1726 827 1791 omnia
848 1725 890 1790 ad
907 1724 1115 1792 litteraturam
1136 1737 1169 1790 et

123 1824 299 1876 mercatum
313 1825 454 1878 nostrum
468 1836 614 1878 revocare
628 1836 663 1876 so
674 1826 735 1876 ent.

169 1896 308 1984 Adjuvit
318 1897 469 1963 *studium
490 1897 686 1963 hauddubie
701 1922 777 1963 usus
791 1897 962 1997 scripturae
974 1898 1017 1963 ad
1030 1898 1169 1964 notanda

123 1983 222 2050 animi
237 2007 326 2048 seusa
344 1984 485 2050 redditus
501 1986 569 2072 jam
591 1984 784 2072 expedition
807 1997 865 2049 etsi
878 2007 990 2072 parum
1005 1985 1168 2072 probabile
1212 2057 1223 2066 .

124 2071 173 2148 fit,
186 2069 212 2133 si
226 2068 333 2157 legum
346 2070 467 2134 Solonis
481 2070 714 2136 scribendarum
727 2070 879 2136 rationem
893 2083 1030 2159 reputes,
1042 2094 1111 2136 eam
1121 2095 1169 2136 rc-

123 2168 222 2308 ffi
241 2169 403 2244 tantopere
426 2157 655 2244 frequentatam
677 2172 709 2222 et
731 2156 930 2222 exercitatam
947 2170 980 2222 et
996 2157 1168 2245 perfectam
1210 2223 1212 2226 .

162 2241 169 2255 '
222 2256 290 2321 ,ut
312 2256 411 2307 totam
434 2243 537 2308 statim
561 2243 693 2308 Iliadem
714 2243 832 2309 librarii
856 2257 1031 2323 exararent,
1053 2256 1111 2308 aut
1131 2258 1168 2309 ut
1273 2261 1275 2266 ’
1308 2256 1311 2266 ’

110 2328 268 2394 ,codicum
290 2341 395 2394 manu
408 2343 606 2396 exaratorum
760 2329 850 2416 copia
863 2329 1010 2416 prodiret
1055 2331 1168 2394 Anno-

113 2414 1029 2568 mrimdeterminarentur
1065 2414 1169 2566 nl

113 2602 233 2666 rento,
247 2601 280 2654 et
302 2611 342 2652 ex
365 2525 457 2654 Iribia
475 2587 562 2654 illato
581 2610 642 2652 usu
663 2595 718 2652 τῶν
739 2587 873 2668 διφθερῶν,
887 2586 1017 2674 pellium
1031 2586 1171 2676 caprina-

113 2697 199 2740 trum
223 2672 388 2752 ovillarum
411 2697 451 2740 ue
477 2677 541 2762 (ap.
566 2673 719 2740 Herodot.
746 2675 787 2753 V,
809 2676 883 2759 58);
907 2685 1094 2740 comantur
1113 2697 1171 2762 per

113 2759 247 2858 multas
264 2773 381 2858 aetates
388 2699 575 2826 litterarum
594 2759 722 2858 quidem
744 2774 836 2826 notae
854 2783 874 2824 a
893 2759 1100 2859 Gephyraeis,
1114 2759 1172 2848 qui

116 2848 298 2915 rhomen
315 2847 435 2934 origine
449 2859 549 2926 eraut,
563 2860 807 2912 commumcatae
826 2845 969 2924 fuissem,
987 2869 1104 2933 exiguo
1125 2860 1171 2910 ta-
1222 2866 1224 2870 ·

114 2955 201 2998 men
215 2955 288 2998 cum
302 2933 420 3011 fructu,
435 2933 512 3022 quia
530 2933 659 2998 materia
672 2945 747 3021 apta
760 2933 802 2998 ad
815 2931 1013 2996 scribendum
1026 2931 1117 2996 haud·
1128 2931 1171 2996 ad

117 3011 241 3092 mimus
261 3035 347 3094 erat;
370 3043 390 3084 a
403 3042 469 3107 qua
482 3033 587 3086 tamen
599 3041 724 3084 omnem
739 3017 912 3106 scriptionis
927 3041 1019 3083 usum
1033 3017 1172 3106 pendere

116 3105 287 3194 professus
302 3127 381 3172 sum.
427 3106 480 3170 Ita
492 3129 622 3194 quoque
632 3106 665 3170 in
681 3105 769 3170 Ionia
780 3105 980 3170 innotuerant
996 3104 1172 3170 litterarum

117 3207 221 3258 ‚notae
235 3190 342 3258 multis
355 3205 427 3257 ante
441 3213 549 3256 earum
564 3213 657 3257 usum
671 3191 912 3278 Frequentatum.
958 3191 1124 3279 Lydorum
1139 3205 1172 3255 et

127 3277 303 3344 Medorum
322 3277 467 3366 epistolas
486 3278 593 3342 missas
607 3279 675 3368 jam
697 3291 770 3342 ante
785 3276 893 3343 Croesi
907 3290 1040 3346 aetatem
1054 3299 1171 3342 memo-

125 3377 211 3430 ratas
233 3362 245 3427 l
285 3363 291 3376 '
328 3387 367 3428 us
387 3387 437 3453 ap.
461 3363 617 3430 Herodot.
638 3365 668 3443 1,
688 3367 742 3435 98.
763 3367 816 3435 99.
841 3365 913 3428 123.
937 3365 1012 3428 lat.
1057 3363 1173 3452 Itaque

127 3474 186 3516 aec
204 3387 378 3516 redigentem
399 3471 465 3515 rem
486 3462 608 3537 putem,
621 3449 742 3516 etiamsi
760 3451 878 3532 σήματα
896 3449 929 3514 in
947 3451 1090 3514 Homero
1103 3449 1172 3538 ipso

127 3537 169 3602 de
191 3535 347 3625 scriptura
366 3535 567 3624 intelligenda
586 3535 797 3602 contenderis:
821 3558 898 3600 usus
918 3535 1001 3600 enim
1020 3535 1089 3622 ejus
1108 3557 1173 3600 esse
1265 3589 1267 3593 ,

126 3621 244 3710 aliquis
253 3623 358 3710 potuit
367 3621 885 3710 pariterperpluresaliasaetates¹
892 3643 951 3686 nec
961 3635 1065 3686 tamen
1076 3633 1173 3687 matc-

128 3709 177 3774 ria
189 3708 364 3790 commoda,
380 3722 418 3776 ut
431 3731 565 3796 magnus
578 3730 726 3773 versuum
745 3729 895 3776 numerus
912 3707 1172 3796 perscriberetur3

110 3823 111 3831 ι
151 3794 218 3860 uod
236 3790 348 3882 utique
362 3795 470 3860 necin
482 3817 557 3860 saxo
575 3817 633 3860 uec
653 3794 686 3860 in
705 3817 775 3860 aere
796 3794 926 3873 factum,
941 3793 1102 3882 probabile
1114 3796 1171 3868 fit;

124 3819 169 3952 de
187 3881 250 3948 alia
268 3893 373 3946 autem
394 3881 525 3948 materia
545 3881 651 3968 ejusve
670 3903 731 3946 usu
752 3879 839 3946 nulla
854 3894 902 3948 est
923 3880 1082 3958 memoria,
1100 3901 1174 3944 eum

126 3965 312 4056 nequidem
327 3974 375 4032 σοῦ
390 3968 507 4056 γράφειν
521 3981 554 4032 et
566 3967 706 4065 picturae
725 3967 907 4034 memoratio
920 3966 953 4031 in
968 3968 1111 4034 Homero
1124 3989 1175 4030 oe-

129 4067 254 4118 currat:
279 4053 402 4141 dequo
422 4053 514 4120 docte
531 4066 595 4140 egrt
607 4053 644 4116 V.
663 4055 700 4118 C.
716 4054 841 4120 Marion
861 4052 970 4136 (Mera
990 4053 1028 4115 de
1047 4051 1173 4118 l'Acod.

130 4137 171 4204 R.
188 4142 243 4205 dea
267 4142 387 4204 Selom.
410 4141 450 4204 de
472 4139 585 4219 Berlin,
598 4141 650 4204 cn.
667 4141 764 4207 1788.
783 4162 816 4227 p.
831 4142 910 4226 538)
933 4139 1083 4203 Ceterum
1101 4137 1174 4208 seri-
1247 4143 1253 4157 ‘

129 4239 243 4314 pturae
256 4225 385 4292 invento
399 4247 462 4292 non
475 4235 541 4306 lam
560 4223 875 4376 celeresgprogressus
895 4223 1077 4292 tribuendos
1097 4245 1174 4302 esse,

633 4331 653 4375 r
