2998 5052
457 355 527 420 AD
549 353 699 420 ILIAD.
720 360 757 421 Ψ.
774 357 825 422 84.
1084 357 1163 424 ‘285

113 522 309 612 propositum
324 525 455 592 haberet
466 526 562 595 finem
576 528 725 607 ethicum,
739 529 892 617 adquam
905 529 1161 618 consequendum

115 633 239 676 necesse
261 626 340 690 erat,
362 625 400 678 ut
421 613 554 702 lingeret
574 637 635 695 res,
656 638 747 680 casus
768 628 798 680 et
824 637 983 703 personas,
1004 637 1063 704 per
1080 627 1168 705 quas'

115 711 284 786 praecepta
301 699 461 770 ¹virtutum
483 701 606 766 tradere
630 716 743 789 posset
787 701 932 768 Extitere
959 725 1005 790 qu
1046 725 1087 768 ue
1108 703 1166 792 qui

116 782 311 936 &⁵3¹¹qu
330 785 466 876 amplexi
486 801 586 852 suntz·
601 812 630 852 v.
653 787 771 853 Morrit
791 787 1017 855 Vindicotiouo
1045 791 1167 856 Horret·
1202 787 1205 796 ⁴

115 892 139 958 p
161 895 375 1044 Seqiiisntibus
388 959 543 1026 aetatibus
557 959 698 1026 studium
712 960 976 1049 interpretationis
983 961 1167 1061 mythorunr

116 1066 190 1108 cum
206 1044 361 1125 universe,
377 1060 446 1112 tum
461 1042 703 1112 Homericomm
758 1071 775 1112 r
792 1047 955 1137 allegorias
968 1047 1072 1114 arrisit
1084 1049 1167 1114 mul·

117 1129 169 1210 tis,
192 1129 587 1233 inprimisquenprobatum
602 1146 650 1234 est
671 1156 691 1198 a
710 1071 839 1200 dtbca:
861 1158 943 1223 quae
960 1137 1028 1223 jam
1045 1135 1168 1203 notiora

116 1231 205 1296 sunt,
223 1241 320 1304 quarn
342 1231 380 1283 ut
401 1242 440 1284 us
460 1219 669 1286 memorandis
689 1220 790 1286 otium
810 1244 993 1286 consumere
1013 1245 1095 1311 opus
1115 1221 1165 1288 sit.

118 1303 281 1390 Inspicere
299 1304 372 1370 licet
392 1305 551 1371 Ciceronis
564 1305 618 1370 lib.
634 1306 674 1372 de
689 1308 765 1374 Nat.
781 1309 877 1372 Deor.
896 1307 1039 1396 inprimis
1058 1332 1167 1376 secun·

117 1389 209 1470 dum,
224 1391 264 1455 cf.
280 1390 335 1456 lib.
352 1393 380 1456 1.
397 1395 450 1456 14.
466 1395 517 1459 15.
534 1406 566 1457 et
578 1393 666 1460 Sexti
681 1393 803 1481 Empir.
820 1393 936 1460 librum
950 1397 1019 1461 IX.
1058 1397 1166 1463 Incre-

117 1475 216 1542 dibile
230 1491 288 1554 est,
303 1477 345 1544 ad
359 1501 439 1578 quas
460 1479 592 1567 ineptius
612 1479 770 1546 interdum
791 1481 999 1580 confugerint,
1015 1495 1053 1547 ut
1066 1482 1170 1556 etle-

22 1585 24 1595 ¹
117 1563 237 1629 ctiones
253 1565 439 1630 Homericae
453 1579 612 1632 mutarent
626 1566 809 1655 excogitatis
830 1589 919 1632 novis
933 1591 1046 1636 vocum
1060 1568 1169 1638 formis

116 1650 341 1890 aare
358 1651 1167 1830 creacheshaim

118 1824 159 1890 cf.
184 1824 315 1892 Plutarc
340 1826 790 1916 .depoet·aud.p.31.33.
834 1829 888 1892 Ex
911 1827 971 1893 hoc
991 1851 1106 1916 genere
1126 1830 1168 1894 ad

117 1923 259 1977 nostram
273 1926 407 1978 aetatem
422 1927 562 1978 servatus
578 1927 625 1978 est
642 1911 767 1980 libellus
774 1914 1010 2001 'Allegorioram
1024 1917 1169 1982 Homeri·

118 2021 237 2078 comm,
260 2000 320 2065 sub
343 2000 524 2069 Heraclidis
545 2024 600 2066 seu
625 2001 782 2066 Heracliti
806 2001 942 2081 nomine,
964 2002 1005 2066 ad
1027 2025 1122 2090 quem
1135 2026 1166 2082 v,

118 2084 193 2150 Nic.
212 2087 333 2167 Schow,
348 2086 433 2152 docti
450 2085 588 2165 editoris,
607 2087 931 2164 commentationem
954 2089 1029 2154 item
1046 2090 1171 2156 Conari

121 2172 237 2272 (pulgo
251 2175 419 2260 Pharnuti)
435 2173 558 2238 libellus
569 2175 610 2272 de
619 2185 731 2272 actara
744 2176 878 2274 demam
892 2175 1006 2276 ineptis
1019 2176 1169 2266 etymolm

119 2273 448 2434 hlldhmgllii?
455 2259 731 2434 ...1311ῒίῗῖῗί
752 2262 1170 2438 hlihiwfflsshhh

119 2433 379 2500 transformatus:
404 2457 476 2506 eum
498 2433 652 2500 illustravi
680 2434 713 2498 in
741 2435 1001 2500 commentatione
1023 2439 1061 2500 de
1086 2439 1170 2501 Here

120 2519 188 2671 mili
202 2520 372 2606 Masogeto
394 2523 602 2586 Commentat.
625 2523 693 2586 Soc.
715 2522 756 2586 R.
773 2520 916 2608 Gotting.
941 2544 968 2586 a.
989 2525 1082 2590 1780.
1099 2522 1168 2601 Vol,

165 2695 252 2758 Cum
273 2693 376 2759 ethica
388 2694 448 2760 hac
471 2692 619 2781 allegoria
631 2693 853 2759 confundenda
875 2708 1000 2759 nonest
1021 2718 1059 2759 ea
1076 2695 1171 2768 inter,
1248 2709 1250 2720 ‘

119 2780 267 2869 protetio,
282 2803 356 2846 cum
371 2780 547 2846 Homericis
561 2780 693 2846 narratis
708 2780 755 2846 uti
768 2780 874 2846 videas
887 2794 1008 2846 veteres
1022 2785 1170 2868 adprae-

121 2876 216 2952 cepta
238 2867 368 2932 moralia
388 2880 421 2932 et
435 2866 575 2956 ¹politica
595 2866 782 2932 declaranda
803 2882 835 2932 et
863 2867 974 2932 animis
997 2867 1169 2956 legentium

121 2953 291 3042 infigenda.
336 2954 495 3042 Exempla
515 2953 669 3019 virtutum
684 2967 717 3018 et
731 2953 877 3018 vitiorum
897 2967 1090 3042 proponunt,
1106 2977 1170 3022 non

122 3041 383 3129 interpretantur.
428 3043 537 3108 Potest
560 3065 687 3128 quoque
712 3039 859 3106 constitui
884 3063 985 3127 genus
1006 3040 1171 3128 allegoriae

123 3131 397 3207 astronomicam
420 3151 505 3208 nam,
520 3151 592 3192 cum
606 3128 788 3216 mythorum
800 3127 1085 3214 antiquissimorum
1100 3152 1172 3216 par-⁴

122 3230 188 3280 tem
210 3215 252 3280 ad
277 3215 366 3302 signa
386 3214 529 3280 caelestia
550 3227 688 3302 spectare
709 3213 909 3280 manifestum
930 3214 981 3294 sit,
1003 3215 1092 3278 fuere
1114 3216 1170 3302 qui

125 3323 251 3366 omnem
276 3300 503 3400 mythologiam
528 3325 566 3366 eo
587 3301 703 3366 referre
722 3301 938 3366 allaborarent.
983 3303 1095 3367 Unum
1109 3303 1172 3368 fuit

67 3457 71 3467 ,
123 3387 390 3476 interpretationis
410 3387 592 3475 mythorum
613 3411 725 3476 genus,
740 3386 827 3475 quod
849 3388 908 3452 sub
929 3387 1095 3476 allegoriae
1116 3412 1172 3454 no·

127 3475 212 3540 mine
226 3475 313 3556 haud
327 3474 549 3562 comprehendi
564 3475 652 3555 solet,
667 3498 739 3540 vere
753 3488 858 3540 tamen
871 3476 939 3563 ejus
958 3490 1103 3541 naturam
1117 3477 1173 3548 ha-¹

125 3563 192 3642 bet,
200 3562 247 3626 ita
261 3576 297 3627 ut
312 3563 504 3648 allegoriam
517 3565 700 3628 historicam
715 3561 871 3652 appellare
874 3561 994 3712 possis,
1005 3586 1078 3627 cum
1089 3577 1174 3628 vetes

125 3673 175 3714 res
189 3647 337 3714 historiae
350 3663 383 3712 et
403 3671 508 3712 rerum
523 3665 653 3716 eventus
663 3672 720 3736 per
734 3648 860 3736 mythos
897 3671 1005 3713 eorum
1026 3649 1174 3716 declarati

127 3759 193 3800 esse
208 3735 317 3800 crediti
332 3748 414 3800 sunt.
452 3735 640 3802 Incredibile
650 3748 707 3815 est,
721 3747 877 3822 quantum
890 3735 1032 3801 homines
1045 3737 1130 3804 docti
1140 3737 1174 3802 in

126 3822 187 3888 hoc
200 3845 315 3911 genere
329 3822 371 3886 ab
391 3821 476 3886 omni
490 3822 719 3909 probabilitate,
730 3821 851 3909 judicio
865 3843 941 3887 sano
954 3835 987 3888 et
1000 3846 1106 3888 rerum
1121 3849 1174 3889 ve·

127 3909 219 3974 ritate
232 3909 349 3974 abduci
363 3931 395 3973 se
409 3908 495 3996 passi
510 3908 579 3974 sint.
625 3908 759 3974 Voluere
774 3921 878 3973 tamen
901 3908 947 3974 illi
970 3910 1010 3973 ab
1028 3910 1088 3974 hoc
1107 3924 1173 3982 stu,

127 3995 180 4061 dio
193 3995 346 4086 proficisci
361 3995 470 4076 videri,
487 4011 523 4061 ut
545 3996 722 4083 probabiles
741 3996 852 4060 modos
865 4009 1034 4060 eventuum
1056 3995 1089 4059 in
1103 4017 1175 4084 my,

129 4083 198 4148 thos
212 4083 384 4156 inferrent3
409 4106 448 4146 ex
463 4107 528 4170 quo
547 4107 661 4182 genere
675 4099 722 4147 est
735 4083 861 4170 ineptus
875 4081 998 4146 libellus
1012 4105 1083 4145 cum
1100 4085 1170 4154 Pa,

131 4172 274 4255 lcephati
286 4169 413 4234 nomine
427 4183 628 4258 praescnpto,
643 4171 684 4235 de
699 4168 948 4267 Incredibilibus.

171 4258 219 4323 Hi
245 4257 373 4344 quidem
395 4257 534 4322 habuere
555 4259 789 4322 oecumenem
811 4269 1016 4343 propositum,
1040 4269 1072 4320 et
1099 4280 1173 4321 cons

130 4344 230 4411 silium
246 4342 434 4433 philosopho
449 4343 556 4410 saltem
578 4344 666 4423 haud
679 4343 855 4430 indignum,
873 4355 908 4406 ut
923 4340 1086 4407 lectionem
1100 4367 1174 4432 poe:
