2998 5052
475 389 542 452 An
566 387 715 453 mmo.
739 391 775 452 ψ.
793 371 844 453 ον.
1120 391 1184 458 aaa

138 557 284 624 fraudem
313 559 373 624 hoc
394 581 533 658 quoqne,
559 559 646 646 quod
667 558 857 647 antiquiores
874 559 1000 625 fabulae
1025 581 1184 646 cosmogo-

138 644 225 710 nicae
247 669 267 710 a
285 658 379 734 poeta
400 669 432 710 m
448 669 534 710 mera
547 646 632 711 facta
651 661 682 711 et
704 663 885 712 ornamenta
904 647 990 735 epica
1005 669 1110 710 versae
1130 669 1184 710 na·

139 744 211 796 tura
226 757 284 798 sua
296 734 421 798 fuerant
437 732 603 822 mythicae,
619 733 678 798 hoc
699 747 756 811 est,
772 735 998 798 enuntiationes
1018 732 1184 798 sententia-

137 839 210 882 rum
225 833 257 884 et
271 819 453 907 opinionum
469 821 509 884 de
523 819 617 883 rebus
631 821 674 907 ph
699 820 766 884 sicis
786 843 821 884 ac
837 820 961 899 divinis,
976 818 1106 907 antiquo
1121 843 1184 885 ser-

138 927 231 972 mone
245 928 419 994 perrarum
435 905 652 970 similitudines
666 844 847 972 declaratae.
942 937 944 944 ,

178 993 202 1055 J
203 1015 254 1056 am
269 1007 377 1080 aperta
390 1015 439 1056 res
454 1005 511 1071 est,
527 991 552 1056 si
567 993 638 1079 quis
653 993 786 1058 Homeri
800 993 926 1080 mythos
943 993 1088 1080 antiquos
1102 1016 1182 1080 quos

135 1077 187 1142 ille
201 1077 234 1142 in
249 1079 333 1144 sacta
346 1078 592 1167 epica'mutavit,
608 1079 649 1143 ad
660 1079 867 1167 antiquiorem
879 1102 1002 1143 sensum
1017 1093 1181 1168 poetarum

135 1176 209 1230 aute
233 1168 411 1229 Homerum
433 1178 568 1243 revocat,
593 1167 699 1248 (nemo
721 1165 804 1229 enim
826 1167 885 1231 hoc
914 1166 1067 1230 affirmare
1087 1166 1180 1245 ausit,

136 1252 316 1316 Homerum
330 1252 387 1316 hos
402 1252 528 1340 mythos
550 1251 687 1339 primum
709 1251 874 1333 invenisse)
891 1252 917 1316 is
938 1275 1002 1316 non
1019 1252 1182 1340 allegorice

135 1336 371 1426 iuterpretatur,
394 1361 451 1402 nec
479 1338 531 1402 ille
561 1340 739 1403 Homerum
768 1338 871 1426 ipsum
900 1337 1062 1426 allegorias
1084 1361 1182 1428 appo-

137 1423 245 1504 suisse,
265 1439 322 1490 aut
341 1425 465 1514 mythos
484 1425 518 1489 in
539 1423 700 1512 allegorias
721 1439 868 1505 mutasse,
883 1425 1074 1512 pronuntiat.
1120 1427 1182 1491 Fa·

136 1511 268 1576 tendum
283 1525 330 1576 est
350 1511 569 1599 antiquitatem
589 1511 760 1599 ipsamnec
774 1535 840 1577 rem
861 1511 1015 1582 subtiliter
1032 1511 1105 1576 satis
1120 1512 1181 1577 dis-

136 1598 270 1686 pexisse,
285 1621 342 1664 nec
355 1599 451 1664 verba
465 1598 608 1663 distincte
622 1599 673 1662 cui
696 1623 736 1664 ne
798 1598 865 1672 neri
879 1597 1081 1662 constituisse.
1119 1601 1182 1664 V'o·

137 1684 226 1750 cibus
248 1686 420 1750 utebantur
434 1698 553 1750 veteres
576 1621 844 1774 generhlioribiis3
866 1687 896 1748 δι’
912 1691 1037 1748 ὑπονοιῶν
1051 1685 1106 1750 vel
1116 1688 1181 1751 καθ’

134 1771 258 1836 ὑπόνοιαν
277 1771 398 1860 aliquid
417 1773 536 1837 dictum
555 1795 620 1836 esse
643 1772 776 1850 aiebant,
792 1772 879 1860 quod
902 1771 968 1860 ipse
991 1771 1181 1842 Plutarchus

135 1857 175 1922 de
186 1859 263 1940 aud.
284 1873 367 1947 poet.
383 1881 414 1946 p.
426 1863 469 1930 19
481 1865 519 1923 u.
543 1859 660 1937 docuit,
676 1859 812 1947 indeque
835 1857 904 1934 alii3
928 1881 957 1921 v.
980 1858 1111 1923 Ruhnk.
1139 1860 1180 1924 ad

68 1983 74 1990 ·
137 1943 306 2010 Timaeum
331 1970 363 2034 p.
387 1950 460 2013 9200.
498 1945 566 2012 Alii
588 1969 645 2034 per
674 1945 804 2032 αἴνιγμα,
833 1945 942 2040 τςόνιον,
968 1952 1072 2030 σχῆμα
1097 1945 1180 2010 idem

135 2031 298 2108 extulere3
321 2055 383 2098 vox
399 2037 566 2122 ἀλληγορεῖν
579 2033 612 2096 in
628 2033 739 2098 scholis
748 2033 908 2099 rhetorum
924 2030 1181 2124 primofrequeu-

135 2119 195 2183 tari
210 2121 322 2208 coepit,
338 2133 493 2208 quantum
507 2144 573 2184 asse
596 2144 665 2186 uor.
1055 2127 1067 2152 ·’

180 2207 222 2270 In
236 2207 296 2272 hoc
309 2207 378 2295 ipso
393 2207 497 2272 studio
511 2145 634 2272 fabriles
654 2209 839 2274 Homericus
853 2209 1017 2297 allegorica
1031 2209 1182 2298 interpre-

135 2291 252 2357 tatione
266 2293 423 2382 purg'andi
438 2307 470 2359 et
488 2293 613 2359 eluendi
628 2319 691 2359 non
707 2318 771 2359 una
785 2296 836 2360 via
858 2321 894 2360 ac
913 2296 1032 2360 ratione
1051 2296 1181 2383 ingressi
1248 2365 1250 2369 f

135 2394 221 2459 sunt,
243 2381 385 2468 inprimis
403 2380 591 2470 philosophi,
610 2405 682 2446 cum
705 2404 779 2446 suae
820 2382 933 2468 uisque,
950 2382 1071 2445 scholae
1093 2405 1182 2468 prae·

134 2484 226 2554 cepta
241 2467 374 2532 Homeri
389 2468 572 2534 auctoritate
587 2469 710 2532 firmare
724 2481 779 2533 aut
793 2407 948 2536 ilustrare
958 2467 1081 2531 vellent.
1108 2469 1181 2533 ‘Nec

190 2577 226 2618 ro
240 2579 336 2643 opera
349 2568 381 2619 et
403 2555 467 2619 otio
482 2578 532 2620 me
552 2557 725 2620 abusurum
747 2579 823 2632 esse,
840 2554 867 2620 si
880 2554 1016 2643 potiores
1030 2553 1182 2618 vicissitu-

118 2577 222 2704 ’ἕζεο
236 2641 333 2729 hujus
348 2641 444 2718 studii
457 2641 644 2706 brevissimis
658 2649 835 2730 persequar.
1124 2667 1125 2670 ¹

178 2730 213 2791 A
236 2729 430 2816 Pythagora,
457 2728 484 2792 is
509 2743 614 2793 antem
642 2729 730 2792 hand
755 2728 856 2794 multo
880 2742 952 2816 post
981 2751 1017 2793 ea
1040 2743 1182 2818 tempora

133 2813 224 2893 vixit,
243 2814 359 2901 quibus
381 2815 518 2880 carmina
540 2815 710 2880 Homerica
731 2815 756 2879 si
778 2838 841 2880 uon
862 2816 895 2878 in
914 2815 1028 2895 lucem,
1043 2831 1127 2880 certe
1148 2816 1181 2880 in

132 2901 282 2987 majorem
304 2901 525 2982 celebritatem,
542 2903 678 2966 deducta
701 2915 785 2980 sunt,
801 2901 924 2966 fabulas
951 2901 1135 2968 Homericae
1149 2915 1181 2966 et

132 2987 307 3052 Hesiodeas
325 3001 514 3076 magnopere
536 2988 727 3076 improbatas
745 3012 821 3068 esse,
836 2989 974 3052 innotuit
988 2987 1038 3052 vel
1056 3012 1095 3052 ex
1113 2989 1181 3078 ejus

132 3072 227 3154 dicto,
243 3075 331 3161 quod
344 3074 377 3139 in
392 3074 499 3139 inferis
514 3099 545 3138 se
560 3075 693 3140 Hesiodi
713 3074 847 3139 animam
867 3075 1029 3138 columnae
1046 3075 1182 3140 aheneae

131 3159 281 3248 illigatam
298 3161 543 3249 stridentemque
559 3162 746 3247 (τρίζοοοὰν,)
766 3163 944 3225 Homerum
958 3175 1063 3225 autem
1079 3161 1182 3225 abar-

131 3247 208 3312 b'ore
230 3271 426 3336 suspensum,
449 3263 480 3312 et
499 3248 695 3336 serpentibus
714 3247 885 3335 implexum
904 3247 1016 3312 vidisse
1037 3271 1181 3316 narrare.

132 3347 192 3416 rat,
208 3348 339 3422 propter
352 3359 398 3414 ea,
415 3359 496 3422 quae
511 3335 551 3399 de
562 3334 620 3398 diis
632 3348 765 3422 uterque
779 3349 1050 3400 memoraverunt:
1070 3335 1180 3435 (Diog.

135 3421 242 3505 Laert.
259 3423 361 3500 VIII,
377 3425 446 3507 21.)
463 3421 635 3485 tradiderat
647 3421 724 3486 haec
742 3421 954 3508 Hieronymus
972 3421 1135 3505 (Rhodius
1149 3447 1182 3487 m

134 3507 375 3574 Commentariis
397 3507 565 3594 historicis)
592 3508 708 3572 famam
733 3506 813 3572 inter
838 3509 1054 3595 Pythagoreos
1080 3533 1182 3574 serva·

132 3607 208 3673 tam,
232 3593 341 3659 saltem
365 3607 536 3682 sequntus;
558 3617 616 3658 nec
639 3595 753 3672 obstat,
779 3593 866 3681 quod
888 3594 939 3657 alii
966 3595 1182 3682 Pythagoram

132 3681 274 3760 tradunt,
291 3681 407 3748 multos
422 3679 607 3746 Homericos
623 3705 730 3746 versus
744 3679 776 3744 iri
791 3703 845 3744 ore
858 3680 1015 3760 habuisse,
1031 3681 1182 3746 nonnulla

132 3767 226 3833 etiam
242 3791 282 3830 ex
297 3791 334 3832 eo
348 3767 481 3854 petiisse.
520 3767 664 3831 Ulterius
677 3789 860 3854 progressus
876 3765 1078 3852 Xenophanes
1093 3771 1182 3832 Ana-

132 3853 289 3918 ximandri
303 3853 452 3953 aequalis,
469 3853 695 3940 Colophonius,
707 3853 762 3940 qui
776 3868 848 3940 post
863 3852 1076 3942 Olymp.·LX
1091 3855 1180 3934 vixit,

132 3939 158 4004 is
173 3939 256 4006 enim
270 3940 381 4006 iambis
397 3939 528 4006 Hesiodi
543 3954 574 4004 et
591 3939 722 4006 Homeri
736 3938 820 4006 dicta
834 3939 1003 4029 exagitavit
1014 3953 1036 4003 ³.
1073 3941 1181 4008 Etiam

159 4184 168 4231 ι’
195 4201 202 4214 ·
232 4186 271 4232 nat
294 4186 317 4231 οόί
353 4205 376 4232 ον
410 4205 457 4232 κοι-
478 4186 484 4204 ‘
506 4205 537 4233 οοο
550 4205 574 4233 w
598 4187 637 4232 nal
678 4187 766 4246 νοφοίοηο
784 4187 902 4244 latrabat,
922 4187 1084 4249 Ὁμηραπάτην
1106 4187 1180 4236 lutat.

131 4250 231 4316 Merv,
245 4250 372 4298 latriam
390 4250 462 4297 atel,
478 4252 510 4298 τὰ
525 4251 574 4316 περὶ
585 4254 638 4307 ,aa
678 4270 737 4302 (το-νιν
748 4253 772 4301 h.
785 4252 824 4304 τῆς
839 4253 941 4307 ἀποίνοις,
955 4250 997 4318 σᾷο
1011 4248 1095 4306 dtuli:
1112 4262 1178 4312 asya-

131 4315 237 4396 il5npha.
249 4317 286 4364 ita
297 4324 335 4364 est
345 4317 576 4380 interpungendum.
589 4317 637 4364 laea-
677 4315 744 4376 phur
754 4316 787 4375 ὕφ’
799 4315 898 4380 Ὀμήρου.
927 4313 1181 4378 Conveniuntversus,

130 4399 229 4443 narra,
240 4382 327 4433 eodem
339 4397 411 4432 seusu
423 4398 471 4446 quo
483 4381 637 4432 ἐπισκώπτων.
678 4397 739 4446 qnos
761 4398 790 4430 ex
809 4381 959 4444 Xcuopluiuo
979 4383 1068 4431 Sextus
1087 4384 1182 4448 Emplr.

718 4449 774 4514 ott
