3026 5056
512 369 580 438 AD
603 373 752 438 ILIAD.
784 378 818 438 Z.
1143 375 1183 440 51

139 555 275 642 moratos
289 543 433 610 videmus
452 545 613 646 11111118·
660 569 691 645 q.
712 549 778 632 πρὸς
798 547 849 628 μὲν
869 547 950 625 α’λδς,
964 567 1066 612 costa
1078 569 1163 632 mare
1172 573 1196 630 ς,

139 645 759 815 ῗοὲοἰῗοῖθᾱῖῗῶῗὲπᾞΡρῖοήδξ
771 645 1085 818 ἕλξῗζήῗῗέἷλ.
1099 742 1184 784 m...

138 813 197 866 lter
210 815 392 869 rustrtutum
406 817 483 884 erat,
499 806 649 892 patebant
663 805 740 884 loca,
756 805 789 869 in
803 807 920 893 qulbus
937 823 1065 916 pugnae
1083 805 1184 871 factae

140 900 224 967 sunt,
252 891 284 952 πδ
310 891 398 954 πεδόον
423 890 616 977 Σκαμάνδριον
643 891 682 955 Il.
710 897 744 956 B.
771 892 834 958 465
860 909 962 974 λειμοιν
990 891 1185 978 Σκαμάνδριος

138 971 214 1038 ibid.
231 973 307 1043 467·
323 977 411 1041 πεδίον
425 976 498 1040 τόΤ
515 979 607 1055 οιικδν,
624 984 661 1040 K.
675 979 726 1042 ll.
772 977 867 1056 Quod
880 1000 931 1064 ap.
947 979 1061 1042 Horat.
1077 979 1108 1042 E
1175 1026 1182 1042 .
1255 1051 1259 1058 ⁴

140 1061 193 1138 la,
218 1062 261 1124 13
285 1063 430 1134 Assaraci
456 1004 555 1144 telius,
582 1085 674 1148 quom
688 1063 814 1148 frigido
840 1066 931 1147 pomi
950 1063 1079 1143 findant
1144 1085 1183 1130 a·

140 1148 263 1210 mandri
265 1148 413 1232 flamina,
430 1149 558 1213 ἰοδοὶοοοι
572 1160 603 1212 ct
617 1149 735 1214 Simois.
781 1150 883 1214 Haud
933 1149 1036 1214 ultum
1050 1149 1092 1215 ab
1105 1150 1184 1214 urbe

140 1231 247 1296 abesse
268 1232 379 1298 debuit
398 1235 529 1300 maculas
549 1237 671 1315 Botion,
690 1236 858 1318 cepalcmm
911 1237 1026 1322 yrinoe,
1041 1235 1083 1299 ad
1120 1235 1184 1300 uod

139 1318 273 1405 Trojani
286 1319 329 1384 ed
345 1319 553 1409 pugnandum
571 1321 685 1409 egressi
706 1322 740 1385 in
761 1344 908 1386 numeros
929 1320 1075 1408 descripti
1133 1345 1187 1386 ere

139 1403 178 1467 Il.
201 1410 235 1469 B.
256 1407 393 1472 811-5.
439 1407 582 1494 Longius
607 1429 787 1494 progressos
830 1417 931 1472 taeter
953 1407 996 1472 Ili
1017 1409 1185 1490 sepalcntot

138 1489 190 1554 via
211 1491 365 1568 ducebat3
389 1491 462 1559 inde
560 1493 722 1558 eniebatur
740 1495 782 1556 ad
856 1495 1026 1573 mandram,
1039 1516 1104 1578 quo
1123 1508 1187 1562 tra·¹

133 1576 221 1663 jecto
234 1577 313 1644 alius
327 1601 467 1666 campus,
482 1515 606 1666 1ῗάόμδς
620 1579 731 1658 πεδίοιο,
745 1601 797 1644 eos
815 1578 1000 1667 excipiebat,
1015 1600 1089 1642 cum
1109 1578 1121 1641 i
1144 1580 1188 1650 sis

138 1664 247 1730 castris
261 1663 343 1740 vallo
357 1664 493 1730 munitis
538 1664 715 1730 Novissime
735 1665 812 1730 haec
834 1678 908 1730 sunt
928 1664 1006 1743 loco,
1022 1663 1055 1728 in
1069 1603 1187 1752 quidus,

139 1749 317 1838 digerendis
331 1773 419 1816 mens
436 1750 567 1838 legentis
586 1753 765 1816 Homerum
783 1750 979 1836 aliquantum
1000 1750 1132 1830 laborat,
1148 1765 1187 1824 ut,

15 1903 16 1914 ,
138 1850 257 1902 certam
280 1860 390 1902 eorum
412 1836 523 1902 faciem
545 1851 618 1902 aute
639 1860 672 1902 se
693 1836 826 1926 positam
848 1837 971 1904 habeat.
1016 1837 1185 1906 Videamus

139 1920 208 1988 loca
221 1924 351 2023 potiora.

146 2030 151 2036 ·
183 2013 330 2076 Priamus
355 2013 397 2077 ad
421 2025 523 2079 castra
548 2011 744 2080 Achivorum
769 2015 810 2082 ab
839 2015 918 2080 urbe
942 2016 1101 2103 profectus
1128 2015 1144 2098 (
1176 2065 1182 2078 .

139 2099 214 2168 329.
226 2100 317 2184 319.)
334 2105 358 2162 οἱ
371 2101 392 2162 δ’
408 2102 464 2163 ἐπεὶ
480 2100 525 2164 οὖν
538 2101 619 2184 μέγα
631 2108 711 2184 σήμα
724 2104 814 2190 παρὲξ
822 2094 909 2166 Ἴλοιο
925 2101 1064 2179 ἔλασσαν,
1077 2108 1185 2179 στῆσαν

139 2183 184 2272 ἄρ’
199 2185 322 2267 ἡμιόνους
336 2211 367 2250 τε
382 2188 431 2250 καὶ
445 2187 552 2264 ἵππους,
569 2187 638 2273 ὄφρα
652 2188 736 2253 πόοιιν
750 2192 777 2252 ἐν
790 2192 961 2274 ποταμῷ-.
985 2187 1067 2253 Inde
1081 2187 1123 2251 ad
1137 2211 1186 2252 ca-

140 2283 205 2334 stra
225 2283 414 2358 perventum
433 2295 479 2338 vs.
492 2275 557 2338 4⁴13
570 2273 734 2372 -πάμγοος
754 2301 785 2338 τε
808 2283 870 2338 νεῶν
892 2275 939 2338 καὶ
962 2275 1064 2360 τάφρον
1085 2274 1184 2338 ἵκοντο.

141 2359 183 2422 In
197 2357 304 2423 reditu
317 2358 424 2423 castris
438 2371 535 2424 noctu
548 2381 662 2447 egressi
677 2361 737 2425 sub
751 2362 897 2424 Aurorae
915 2372 1021 2424 ortum
1034 2359 1115 2446 rigor
1128 2360 1186 2438 ἷξον

140 2447 254 2532 ἒῦρῤεῖος
267 2449 402 2526 ποταμοῖο
419 2445 526 2513 Ξάνθον
540 2447 668 2524 δινήεντος
682 2444 755 2516 692.
771 2451 801 2511 3.
847 2445 1016 2510 Videamus
1025 2446 1094 2532 jam
1107 2444 1187 2532 loca,

139 2528 305 2616 inquibus
319 2531 359 2595 de
375 2532 588 2619 Trojanorum
603 2555 729 2618 egressu
743 2532 785 2596 ad
798 2555 939 2620 pugnam
953 2544 1116 2596 narratur:
1141 2555 1196 2615 se-⁴

162 2617 288 2682 ulcrum
303 2617 451 2705 Myrinae
471 2618 692 2706 praetergressi
710 2618 843 2706 Trojani
860 2619 894 2682 iu
911 2640 1058 2705 campum
1080 2641 1189 2706 proce.
1247 2617 1250 2621 ’

139 2639 223 2768 dunt
246 2704 285 2768 11.
310 2709 344 2768 B.
368 2705 556 2769 811-815.
610 2707 745 2770 Noctem
766 2705 800 2770 in
820 2705 888 2770 loco
909 2727 1035 2791 pugnae
1056 2705 1189 2790 exigtmt

140 2789 218 2874 νόσφι
243 2797 308 2854 νεῶν
330 2797 449 2877 ποταμῷ
474 2792 517 2855 ἐπὶ
543 2791 653 2868 δινήεντι
679 2795 719 2856 Θ.
744 2795 816 2860 490.
844 2791 885 2856 ad
909 2790 1104 2855 observanda
1131 2812 1189 2876 per

139 2890 263 2942 noctem
286 2875 484 2941 Achivorum
505 2889 615 2956 castra,
637 2876 754 2962 quibus
774 2871 995 2946 imminebant:
1020 2877 1107 2960 ἔγγὺς
1128 2881 1190 2960 γὰρ,

141 2971 207 3041 νηῶν
230 2961 279 3026 nai
300 2963 411 3044 τείχεος
437 2962 517 3027 αὖλιν
543 2962 628 3026 ἔδοντο
654 2969 790 3048 Τρῶες-ι·
813 2969 837 3026 Ι.
864 2964 937 3029 1232.
960 2961 1054 3024 τόσσα
1076 2963 1188 3046 μεσηγὺ

141 3057 203 3114 νοῶν
224 3049 270 3126 ήδέ
289 3048 402 3122 Ξάνθοιο
422 3049 510 3136 ῥοάων
529 3048 631 3136 Τςάονν
646 3048 777 3112 καιόντων
791 3052 866 3137 πυροὶ
885 3046 994 3128 φαίνετο
1014 3047 1108 3110 Ἰλιόθι
1127 3046 1186 3132 πρό.

15 3197 17 3202 ,
140 3140 179 3200 Θ.
196 3133 272 3200 556.
289 3137 319 3203 7.
354 3137 528 3200 Secesserat
547 3133 621 3198 inde
643 3136 764 3199 Hector
786 3134 829 3198 ad
852 3131 1093 3202 consultandum
1115 3151 1191 3200 cum

139 3220 426 3321 principibusrapd
440 3222 547 3319 σήματι
560 3219 639 3284 Ἴλου
655 3225 693 3320 Κ..
708 3223 780 3286 415.
826 3220 1034 3334 Niilimmep
1055 3219 1095 3284 de
1117 3221 1190 3326 Sca:
1210 3215 1216 3223 ⁸

141 3307 876 3480 iiiinctssieiiciiiiiifssifiidipiid
883 3307 1190 3460 'iiicof'iii'ii

15 3499 19 3520 ⁴
141 3483 225 3564 w.
248 3503 267 3544 e
292 3479 408 3568 quibus
430 3479 505 3544 locis
529 3479 666 3566 colligas,
690 3503 707 3542 e
730 3480 837 3544 castris
862 3479 903 3542 ad
929 3477 1052 3564 δρασμόν
1077 3477 1188 3558 πεδίοιο,

15 3767 16 3810 ;
144 3752 212 3805 tero
226 3739 279 3804 die
292 3762 402 3827 pugna

143 3565 261 3632 clivum
282 3565 396 3653 campi,
411 3579 443 3630 ct
457 3590 497 3630 ex
510 3567 571 3644 hoc
590 3566 631 3630 ad
647 3567 873 3632 Scamandrum
894 3577 1081 3652 perventum
1103 3587 1188 3640 esse;

143 3676 201 3718 nec
216 3666 321 3718 tamen
335 3653 408 3717 inde
415 3665 520 3802 petet,
532 3651 640 3718 castris
653 3665 852 3738 praetentum
863 3651 987 3740 niveum
1001 3650 1105 3716 fuisse.
1131 3650 1193 3716 Al..
1228 3679 1233 3688 “

429 3763 465 3804 ac

466 3725 641 3826 refugiunt
656 3739 799 3826 Trojani,
821 3753 858 3804 ut
876 3761 973 3826 supra
989 3738 1056 3825 jam
1075 3759 1196 3806 memo.

15 3875 16 3880 1
144 3839 250 3891 ratum
272 3836 330 3906 est,
352 3837 476 3913 praeter
497 3825 723 3893 monimentum
743 3825 784 3889 Ili
806 3849 863 3912 per
884 3825 1028 3890 medium»
1044 3845 1191 3910 campum

146 3935 255 3978 versus
273 3912 386 3976 urbem
403 3912 498 3999 juxta
515 3911 696 3999 caprificum
710 3911 809 3976 donec
822 3912 864 3976 ad
877 3924 1002 3999 portam
1017 3912 1144 3975 Scaeam
1159 3919 1191 3970 et

146 4021 299 4086 quercum
328 3998 516 4085 perveniunt
540 4005 578 4062 A.
602 3996 790 4073 166r-.171.
846 4001 1011 4064 Renovato
1039 4015 1148 4082 pugna
1172 3996 1198 4057 a'

15 4075 16 4122 3
147 4084 296 4173 Trojanis
315 4085 405 4149 Paris
425 4085 538 4172 sagitta
558 4084 639 4172 petit
657 4083 842 4150 Diomedem
864 4106 903 4148 ex
927 4082 967 4146 Ili
989 4080 1190 4157 monimento,

15 4187 17 4218 1
147 4172 236 4258 στήλῃ
260 4171 419 4254 κεκλιμένος
438 4173 615 4258 ἀνδροκμήτῳ
637 4170 800 4256 ἒπ1,·τόμβῳ
816 4169 940 4234 Ἴλου-
957 4173 994 4231 Λ.
1018 4168 1090 4234 371.
1137 4167 1194 4228 In«

15 4285 16 4314 ς
82 4335 87 4342 ἡ
147 4271 237 4342 terea
253 4259 377 4342 Hector
396 4257 430 4322 in
453 4256 542 4322 laeva
565 4269 655 4345 parte
679 4257 843 4410 pugnabat
866 4255 962 4341 όχδας-
977 4257 1034 4346 reip
1056 4255 1193 4334 ποταμοῖο
