2998 5052
379 303 383 316 ’
467 353 838 422 nortmanos.
1109 324 1175 426 aas

123 517 300 611 losophioas
313 525 448 590 rationes
460 527 494 591 in
508 527 630 616 judicia
643 527 856 615 antiquiorum
869 528 1032 594 hominum
1047 527 1173 610 inferre,

126 606 179 672 alii
200 631 315 676 novam
329 612 523 766 disciplinam
541 615 711 704 mythicam
726 615 914 681 constituere
928 616 1063 682 voluere.
1108 619 1175 682 Ac-

125 717 243 762 cessere
257 697 337 773 alia;
360 699 393 764 in
434 701 460 764 is
474 701 614 768 studium
635 701 888 790 etymologicum,
911 703 1028 790 quodi
1054 704 1175 769 eumin

127 780 259 847 deorum
275 785 454 851 nominibus
467 788 515 851 ad·
530 788 693 876 allegorias
709 789 861 854 deduxit:
885 789 972 876 quod
987 725 1060 854 volit
1116 789 1176 856 erit

128 891 324 956 cognoscere,
341 872 366 936 si
390 873 530 938 Platonis
554 874 719 964 Cratylum
734 875 925 940 excusseris:
952 882 994 964 (p.
1010 879 1053 946 39
1090 880 1173 964 sqq.)

128 956 276 1044 Apparet
289 981 394 1045 porro,
409 960 574 1048 allegoriae
597 961 737 1026 studium
751 962 812 1027 hoc
829 962 1003 1050 profectum
1024 986 1090 1027 esse
1111 963 1175 1050 pri-

127 1063 181 1104 mo
194 1067 214 1108 a
229 1043 359 1132 singulis
372 1047 489 1134 mythis
501 1072 510 1122 ;
527 1061 602 1113 sunt
615 1047 697 1112 enim
708 1048 740 1112 in
753 1048 803 1114 his
811 1048 964 1128 nonnulli,
980 1049 1036 1136 qui
1051 1073 1065 1114 s
1087 1051 1175 1114 mbo·

127 1125 219 1194 licam
233 1146 379 1196 naturam
393 1133 496 1198 statim
511 1158 587 1222 prae
598 1159 631 1198 se
642 1135 766 1210 ferunt3
790 1135 933 1223 quisquis
941 1136 1024 1200 enim
1086 1135 1174 1236 *App

127 1228 160 1279 et
173 1216 296 1296 Ἀθήνην,
303 1241 309 1256 ··
319 1242 492 1307 eorumque
512 1235 618 1308 partes
638 1221 671 1285 in
694 1223 847 1301 Homero,
869 1222 1046 1301 attenderit,
1070 1237 1174 1288 statim

126 1303 304 1390 assequitur
323 1305 472 1370 virtutem
493 1307 636 1372 bellicam
657 1307 816 1373 rudiorem
839 1322 874 1373 et·
891 1309 1061 1375 doctiorem
1082 1309 1115 1374 in
1136 1309 1174 1374 iis

128 1411 194 1453 esse
208 1389 414 1467 declaratam
439 1393 498 1472 hoc
531 1393 611 1458 rimo
625 1394 743 1459 factum
759 1411 826 1459 erat
841 1394 1025 1482 symbolice3
1042 1409 1075 1460 at
1090 1419 1174 1460 nunc

125 1473 238 1540 iisdem
260 1477 381 1543 utimur
401 1503 458 1544 nos
479 1417 653 1568 allegorice,
673 1480 832 1546 interdum
855 1481 911 1544 sim
934 1481 1033 1547 liciter
1054 1483 1175 1571 poetice

128 1576 186 1627 aut
200 1564 318 1651 tropice
331 1565 364 1629 in
378 1565 447 1654 ipsa
460 1567 600 1633 oratione
614 1567 758 1654 pedestri.
799 1568 916 1666 IpseP
948 1568 1094 1648 todooet,
1104 1571 1173 1656 jam

128 1663 202 1713 ante
220 1674 292 1714 eum
315 1652 396 1717 hanc
417 1652 613 1742 allegoricam
635 1653 920 1741 interpretationem
942 1653 975 1717 in
995 1657 1173 1720 Homerum

128 1759 195 1800 esse
208 1736 323 1802 illatam
337 1764 345 1802 ε
361 1739 395 1803 in
411 1740 541 1829 Cratylo
555 1764 587 1828 p.
598 1743 663 1808 407
677 1745 715 1804 A.
731 1741 837 1804 ἐοίκασι
852 1743 879 1803 δὲ
895 1743 943 1804 xal
959 1747 983 1804 cl
996 1743 1112 1806 παλαιοὶ
1125 1749 1174 1820 τὴν

127 1824 244 1900 Ἀθηνᾶν
259 1825 384 1906 νομίζειν,
400 1825 491 1914 ὥσπερ
507 1834 532 1892 cl
551 1834 596 1891 νῦν
609 1828 668 1912 περὶ
678 1825 804 1914 ’Όμηρον
818 1827 903 1890 δεινοί.
928 1829 976 1892 aul
994 1833 1053 1914 γὰρ
1070 1827 1173 1892 τούτων

129 1915 153 1972 οἱ
167 1911 278 1989 πολλοὶ,
295 1914 467 1997 ἐξηγούμενοι
487 1916 534 1977 τὸν
548 1917 669 1992 ποιητὴν,
684 1913 753 1994 φασὶ
777 1917 825 1991 τὴν
843 1914 958 1992 Ἀθηνᾶν
974 1917 1055 1978 αὐτὸν
1070 1921 1128 1978 νοῦν
1142 1941 1173 1978 τε

129 1997 176 2058 καὶ
193 1997 310 2070 draitona
321 1998 504 2076 πεπονηκέναι.
548 2002 638 2086 Ergo
657 2001 725 2098 jam
746 2015 819 2064 ante
834 1999 998 2064 Platonem
1017 2014 1117 2079 erant,
1132 2023 1172 2066 ex

69 2143 71 2146 ,
127 2080 203 2169 ipsis
218 2084 351 2149 Homeri
365 2084 599 2185 interpretibus,
615 2109 671 2172 qu1
678 2085 836 2156 Atheneo
846 2085 1009 2174 allegorice
1023 2086 1175 2176 interpre-

128 2169 287 2234 tabantur.
333 2173 380 2236 Et
408 2196 478 2258 quis
508 2187 565 2252 est,
589 2173 680 2258 cujus
708 2186 844 2236 mentem
873 2197 910 2238 ea
938 2173 1085 2260 cogitatio
1109 2197 1173 2238 non
1218 2217 1221 2222 -

129 2256 240 2321 subeat
255 2257 359 2322 statim
373 2257 406 2322 in
421 2259 579 2324 Achillea
593 2259 741 2324 Minerva
748 2259 908 2324 admonito
918 2258 951 2322 in
966 2260 1068 2346 prima
1081 2261 1175 2347 rhap-

129 2342 234 2406 sodia!
258 2347 307 2408 At
320 2344 365 2408 illi
383 2360 563 2433 peccarunt,
580 2345 605 2410 si
624 2357 749 2432 poetam
766 2368 823 2432 per
847 2346 1026 2410 Minervam
1050 2345 1094 2410 τόν
1114 2355 1173 2411 νοῦν

128 2429 266 2514 σώφρονα,
277 2430 440 2519 allegorice
453 2431 624 2496 declarasse
634 2444 798 2520 putarunt,
810 2453 873 2495 non
889 2431 1066 2496 Minervam
1081 2431 1172 2497 deam

127 2514 273 2582 historice
287 2530 320 2582 et
333 2517 428 2606 epioe.

174 2601 227 2666 Illi
252 2626 338 2702 ergo,
361 2629 441 2692 quos
462 2606 539 2685 dixi,
562 2607 604 2671 ab
625 2629 689 2670 uno
711 2620 741 2670 et
763 2604 861 2670 altero
882 2605 993 2695 mytho
1017 2605 1174 2694 progressi

127 2703 228 2769 erant,
243 2714 300 2776 qur
314 2691 476 2778 symbolici
489 2692 609 2792 aliquid
623 2692 656 2756 in
670 2692 773 2757 fronte
790 2715 865 2780 prae
886 2717 918 2756 se
932 2692 1061 2758 ferebat.
1107 2692 1174 2757 Alii

127 2776 173 2840 ab
191 2774 239 2854 iis,
264 2800 346 2864 quae
367 2778 497 2867 indigna
517 2779 577 2843 dlis
598 2803 664 2843 esse
685 2779 852 2853 videbaut3
876 2779 1054 2867 partimque
1075 2779 1109 2844 in
1125 2779 1175 2843 his

125 2862 347 2944 substiterunt,
363 2864 470 2930 abiah
488 2866 598 2930 iisdem
616 2865 736 2930 adalia
756 2880 981 2964 processerunt.
1019 2866 1174 2930 Aristote-

127 2948 190 3013 lem
204 2949 309 3038 ipsum
323 2975 343 3015 a
357 2964 424 3016 toto
438 2952 498 3016 hoc
511 2975 625 3040 genere
645 2974 708 3016 non
725 2951 861 3016 ahenum
875 2952 981 3029 fuisse,
997 2951 1174 3016 existimare

128 3034 201 3100 licet
215 3059 254 3100 ex
269 3036 317 3116 iis,
333 3061 414 3125 quae
430 3039 612 3103 Macrobius
628 3040 646 3102 I
664 3041 727 3102 Sat
744 3040 787 3102 18
801 3061 840 3102 ex
854 3038 924 3123 ejus
938 3038 1175 3122 Θεολογουμένοις

128 3122 256 3198 attulit;
281 3147 362 3211 quos
376 3143 480 3189 tamen
495 3125 546 3189 ille
560 3124 637 3189 fines
650 3123 725 3188 huic
738 3123 964 3213 interpretandi
982 3123 1092 3211 generi
1112 3137 1174 3189 sta-

127 3209 233 3287 tuerit,
249 3211 336 3274 haud
350 3235 418 3275 com
460 3224 545 3276 rtum
559 3211 669 3276 haben.

172 3295 331 3362 Pindarus
344 3298 398 3362 fab
469 3320 523 3362 um
543 3297 736 3386 impietatem
750 3297 830 3360 bene
846 3309 1041 3384 perspectam
1055 3296 1174 3362 habens

129 3381 163 3446 in
181 3383 283 3470 prima
301 3383 405 3449 statim
428 3383 605 3472 Olympica,
624 3383 658 3449 id
676 3382 751 3470 egit,
772 3397 808 3447 ut
827 3383 971 3470 mythum
990 3382 1123 3469 impium
1141 3384 1174 3448 in

128 3468 221 3534 aliam
236 3470 444 3536 narrationem
458 3469 629 3536 inflecteret
643 3470 703 3536 diis
719 3469 818 3557 magis
832 3469 976 3534 decoram
989 3494 998 3543 ς
1022 3469 1128 3620 imaue
1143 3484 1175 3535 et

128 3555 195 3644 ipse
209 3555 318 3621 debuit
337 3557 371 3621 in
385 3556 550 3644 allegorica
564 3557 707 3622 incidere.
752 3555 835 3620 Aliis
858 3555 933 3620 locis
946 3554 998 3618 ille
1012 3577 1052 3619 ne
1089 3581 1107 3621 e
1121 3557 1175 3622 he-

128 3642 236 3709 roibus
250 3642 389 3730 quidem,
406 3657 441 3710 ut
463 3644 504 3707 de
519 3642 670 3721 Hercule,
685 3642 780 3730 impie
793 3643 878 3708 facta
899 3641 1038 3729 proferre
1055 3643 1172 3719 audet;

129 3729 187 3795 etsi
205 3729 288 3795 idem
310 3729 377 3794 aliia
398 3729 473 3795 locis
489 3730 612 3794 fabulas
633 3729 673 3793 de
694 3727 806 3816 puellis
828 3752 848 3792 a
868 3731 891 3792 J
893 3752 951 3793 ove
972 3742 1004 3792 et
1024 3729 1175 3829 Apolline

129 3839 320 3904 compressas
333 3839 505 3882 memorare
517 3816 605 3880 haud
627 3815 769 3904 religioni
790 3813 886 3880 ducit.
932 3816 985 3881 Ita
998 3838 1047 3879 res
1060 3839 1129 3902 rpsa
1142 3830 1177 3881 et

129 3927 218 3968 casus
247 3903 381 3968 deduxit
401 3903 477 3968 alios
498 3903 539 3968 ad
560 3902 638 3975 alia;
663 3903 688 3966 si
710 3915 814 3968 tamen
827 3914 969 3969 veterum
991 3902 1172 3988 mythorum

129 3989 264 4078 origines
278 4004 310 4055 et
329 4014 452 4056 caussas
473 3989 713 4077 perspexissent,
734 3989 807 4052 satis
825 4003 903 4067 erat,
918 3987 1031 4065 dicere,
1047 3987 1174 4052 omnino

129 4091 293 4163 poetarum
310 4090 485 4142 commenta
498 4089 572 4141 'esse
593 4074 796 4176 abjicienda3'
810 4073 987 4140 Homerum
1008 4073 1058 4137 hia
1079 4097 1173 4139 usum

131 4186 195 4228 esse
209 4162 271 4228 alio
285 4163 422 4243 oonsilio,
437 4163 525 4251 quod
546 4163 690 4228 carminis
705 4160 783 4249 epici
797 4175 911 4226 natura
924 4159 1082 4246 poscebat,
1097 4159 1174 4232 alios

132 4249 202 4315 hinc
215 4263 335 4338 poetas,
351 4249 492 4339 cyclicos,
508 4250 632 4338 lyricos,
646 4248 844 4326 dramaticoe‚
859 4246 927 4312 aliis
936 4245 976 4310 de
988 4245 1107 4310 caussis
1121 4271 1183 4338 eos

133 4341 314 4414 ‘exornasse;
338 4337 458 4426 hosque
472 4337 551 4404 adeo
570 4336 696 4424 mythos
711 4359 768 4404 suo
782 4333 897 4422 cuique
914 4333 1034 4408 auctori
1048 4356 1114 4400 esse
1127 4358 1176 4400 re-
