2998 5052
471 374 538 438 An
560 337 709 439 man.
733 381 772 440 o.
894 463 896 468 Α
970 457 971 462 Ν
1080 377 1140 443 aar

111 531 241 643 tempora
254 546 371 612 librarii
385 545 435 612 vel
449 545 642 646 grammatici
656 547 789 614 intulere
803 547 879 614 vitia
895 571 959 614 non
979 549 1058 615 tanti
1078 573 1143 616 mo-

110 645 198 696 menti
218 647 302 713 sunt,
326 647 363 698 ut
384 633 610 700 dubitationem
633 633 768 709 faciant;
793 651 866 700 sunt
881 660 925 723 qu
967 661 1008 700 ue
1028 659 1143 724 magna

110 731 242 816 exparte
256 744 313 808 per
326 721 409 785 viros
428 721 537 786 doctos
558 719 691 800 sublata,
707 660 1016 821 tolli‘possuntobta,
1034 737 1143 789 contra

108 802 162 868 aha
182 821 253 874 sunt
272 807 493 886 emendatiora,
511 829 606 895 quam
627 831 708 894 quae
729 832 788 897 rpsr
809 809 1013 897 grammatici
1025 809 1058 874 in
1078 809 1142 874 suis

108 893 328 980 exemplaribus
342 895 491 974 habuere,
507 893 627 958 critices
641 894 800 1050 pgincipiis
819 895 930 960 melius
944 919 1028 961 nunc
1043 919 1140 984 quam

107 990 169 1042 tum
187 1002 258 1066 pers
316 981 355 1046 tis
372 995 404 1046 et
418 979 602 1046 constitutis.
684 995 812 1047 actenus
833 982 908 1048 olim
928 982 1004 1061 dixi,
1021 983 1141 1050 Home-

99 1084 170 1144 rum
185 1088 240 1130 nos
253 1004 488 1132 laedere-minus
502 1067 646 1132 vitiatum
658 1088 754 1155 quam
765 1068 940 1168 Virgilium.
964 1069 1140 1134 Aristarchi

105 1163 201 1236 partes
215 1166 251 1218 ut
271 1155 304 1218 in
322 1154 492 1219 Homerica
512 1153 643 1220 lectione
665 1178 724 1242 pro
745 1178 802 1220 suo
823 1155 949 1254 ingenio
963 1170 995 1220 et
1009 1179 1068 1244 pro
1082 1157 1140 1222 cri-

105 1236 160 1300 tica
179 1239 310 1306 istorum
332 1255 509 1330 temporum
531 1242 619 1306 fuere
639 1240 836 1329 praecipuae,
858 1255 903 1306 lta
915 1266 1050 1330 vquoque
1072 1244 1141 1330 ejus

103 1320 258 1406 lectionem
279 1328 461 1415 profundo
482 1351 547 1406 esse
567 1327 745 1392 habendam
766 1328 863 1393 nostri
886 1329 1029 1407 Homeri,
1052 1329 1143 1394 haud

104 1407 227 1488 dubito;
252 1437 320 1478 earn
343 1429 448 1480 tamen
469 1426 525 1478 aut
547 1414 665 1501 ubique
686 1413 808 1479 restitui
832 1439 922 1503 posse
943 1430 1000 1482 aut
1020 1416 1140 1504 ubique

103 1497 319 1566 restituendam
334 1525 410 1580 esse,
425 1501 702 1589 persuasumlmihi
715 1501 803 1567 haud
815 1502 927 1567 habeo.

141 1584 244 1652 Aliter
262 1587 432 1653 constituta
448 1601 506 1654 est·
531 1587 661 1668 uaestio,
677 1588 702 1652 si
717 1587 757 1652 de
771 1601 834 1653 tem
877 1589 965 1655 ribus
984 1589 1139 1676 antiquio-

99 1666 184 1736 ribus
204 1675 381 1761 quaeritur:
421 1674 485 1740 Hic
507 1612 540 1740 dr

104 1776 191 1840 pora:
215 1760 276 1825 alia
296 1761 436 1826 lectionis
457 1761 585 1842 fortuna
598 1775 630 1826 et
644 1761 781 1844 conditio
800 1785 865 1826 esse
879 1761 990 1827 debuit
1004 1763 1046 1826 ad
1059 1762 1139 1827 illud

102 1856 180 1908 retro
197 1859 333 1935 tempus,
355 1871 421 1935 quo
442 1847 553 1913 litteris
575 1862 702 1913 exarata
720 1846 858 1913 carmina
876 1849 1020 1926 manibus
1039 1849 1139 1914 homi-

101 1951 173 1994 num
187 1948 310 1998 versata
323 1936 430 2011 fuere;
454 1934 515 2000 alia
533 1959 590 2023 per
604 1957 655 2000 eas
669 1947 785 2000 aetates
799 1935 832 1999 in
846 1935 963 2023 quibus
977 1959 997 1999 a
1010 1936 1139 2024 rhapso-

101 2014 145 2079 dis
165 2018 330 2086 decantata
351 2022 439 2086 fuere
460 2021 605 2086 carmina.
653 2023 734 2086 Sane
756 2035 825 2086 tum
843 2045 927 2102 cum,
943 2046 962 2087 a
976 2022 1139 2121 rhapsodis

102 2102 199 2171 adhuc
214 2107 338 2172 recitari
359 2107 459 2188 solita,
474 2122 507 2173 et
525 2108 655 2173 auribus
675 2123 815 2196 excepta,
833 2108 945 2174 litteris
964 2109 1139 2208 oonsrgnari

99 2212 234 2342 dapppere,
257 2195 449 2282 imperfecta,
472 2218 554 2294 quae
578 2209 647 2260 tum
671 2210 748 2276 erat,
769 2195 945 2261 litterarum
967 2207 1085 2261 notatro
1107 2209 1140 2262 et

121 2275 126 2288 '
158 2294 245 2346 ectus
270 2281 400 2368 antiqua
425 2284 544 2360 Ionica,
575 2281 638 2346 'am
663 2281 860 2369 aliquantum
885 2295 1017 2360 mutata,
1044 2296 1086 2360 et,
1113 2283 1139 2354 si

100 2365 232 2432 Athenis
252 2367 354 2455 primo
373 2369 489 2456 peracri
512 2382 545 2433 ta
565 2307 654 2432 luere
672 2368 820 2448 carmina,
838 2367 1052 2456 pronuntiatio
1070 2368 1140 2455 ipsa

99 2450 136 2515 ab
159 2453 269 2519 Ionica
289 2454 420 2535 deflexa,
439 2392 540 2519 mulia
559 2455 674 2519 inferre
696 2455 875 2519 debuerunt
895 2454 929 2518 in
950 2453 1140 2542 exemplaria

99 2539 220 2627 scripta,
244 2565 326 2628 quae
351 2565 435 2628 nunc
457 2541 606 2629 suspicari
628 2541 755 2628 quidem
776 2565 953 2629 possumus,
976 2539 1010 2604 in
1022 2541 1140 2628 paucis

98 2637 150 2690 aut
174 2652 343 2716 agnoscere
368 2643 424 2693 aut
449 2629 680 2703 demonstrare3
711 2627 770 2692 nisi
798 2629 889 2707 forte,
916 2642 1071 2728 quantum
1097 2628 1139 2693 ad

97 2713 291 2780 omissionem
306 2729 337 2779 et
351 2728 460 2803 postea
473 2715 698 2803 ignorationem
711 2715 863 2803 ,digammi
878 2728 1000 2780 attinet:
1018 2714 1138 2802 dequi-

90 2797 154 2881 bus·
168 2825 252 2890 quae
265 2800 343 2865 mihi
357 2801 487 2867 videbar
506 2802 686 2867 ariolatione
705 2801 811 2888 aliqua
832 2801 986 2889 probabili
1003 2817 1075 2866 asse
1092 2801 1137 2881 ui,

89 2884 127 2964 ¹in
141 2890 289 2954 Excurss.
305 2889 347 2952 ad
364 2888 402 2952 Il.
418 2895 454 2954 T.
471 2891 509 2953 de
526 2890 685 2975 digamma,
696 2888 737 2952 ad
754 2887 793 2952 Il.
809 2891 847 2950 Φ.
869 2891 907 2952 de
926 2888 1055 2952 dialecto
1106 2910 1138 2952 o-

95 2976 166 3038 mert‘
180 2976 289 3041 Ionica
303 2975 344 3040 ad
360 2974 399 3040 Il.
413 2981 450 3040 Ψ.
467 2977 506 3039 de
557 2977 723 3040 ammoticc
738 2973 866 3038 Hmneri
879 2972 1066 3057 imperfecto,
1082 2997 1137 3061 ap-

94 3063 202 3146 posui;
228 3061 301 3126 add.
318 3064 481 3128 Excursus
555 3065 585 3125 P.
604 3063 689 3126 Obss.
709 3061 886 3144 prosodicos
907 3071 937 3124 et
956 3062 1137 3146 grammati-

94 3169 153 3214 cas.
199 3151 271 3214 Nec
285 3162 396 3227 tamen,
404 3148 645 3237 perlitterarum
660 3160 750 3212 notas
764 3159 871 3211 auctas
885 3159 917 3211 et
931 3159 1068 3211 mutatas
1082 3160 1138 3215 aut

92 3257 147 3322 per
167 3235 456 3325 pronuntiationem
477 3247 631 3300 mutatam
653 3247 742 3299 tanta
757 3233 889 3299 vulnera
908 3232 1007 3321 infligi
1028 3247 1139 3322 potue-

92 3337 177 3403 runt,
193 3347 277 3412 quae
291 3345 406 3410 corpus
424 3321 569 3411 pulcrum
591 3321 719 3389 omnino
737 3321 919 3397 foedarent3
943 3345 1057 3386 naevos
1072 3336 1139 3386 tan-

93 3421 160 3476 tum
175 3425 210 3476 et
224 3410 308 3474 leves
321 3409 459 3486 maculas
472 3409 532 3473 ista
544 3422 718 3497 potuerunt
735 3408 860 3473 inurere
873 3408 924 3473 vel
942 3407 1137 3496 adspergere.
1175 3447 1176 3450 κ

91 3498 259 3564 Hactenus
273 3497 484 3563 accedendum
498 3509 545 3562 est
559 3495 737 3562 doctissimo
749 3496 874 3584 Knigbt
888 3519 919 3583 p.
931 3497 982 3563 77.
990 3513 1137 3582 'pronun-

92 3582 193 3665 tianti,
210 3607 275 3649 non
289 3596 391 3649 tantas
409 3583 597 3648 mutationes
615 3581 744 3648 subiisse
759 3583 948 3660 Homerum,
964 3595 1080 3646 utnon
1093 3582 1139 3649 vi-

91 3671 159 3736 deri
183 3672 309 3752 debeat,
335 3671 439 3737 adhuc
464 3694 529 3735 esse
556 3668 651 3748 idern,
678 3692 774 3756 quem
802 3668 1003 3756 antiquiores
1029 3668 1139 3738 saltem

92 3758 315 3838 Alexandrini,
330 3758 476 3824 habuere.
957 3798 960 3805 .
1010 3821 1015 3830 ,

135 3844 294 3928 Graviora
307 3845 384 3909 vitia
403 3843 511 3909 inferri
532 3857 674 3931 potuere,
695 3854 728 3906 et
741 3840 882 3907 subinde
903 3841 990 3906 illata
1011 3841 1139 3918 esse-vi-

90 3931 220 4012 dentur,
241 3955 298 4020 per
316 3932 501 4019 rhapsodos,
516 3929 604 4018 quod
623 3927 775 3997 sexcentis
794 3928 870 3994 locis
883 3927 1158 4021 vidimusdecla
1193 3978 1196 3983 .

86 4131 315 4182 menis-conficitur
328 4131 414 4180 15684.
428 4131 491 4180 forte
501 4128 595 4178 librarii
636 4130 692 4178 Hoc
700 4127 767 4178 enim
781 4128 859 4190 positu
872 4138 888 4174 a
899 4134 963 4176 esset
973 4126 1060 4176 tauto.
1071 4125 1139 4175 dixe-

88 4197 449 4260 incurtapscrtptumestpro
461 4213 487 4243 α.
504 4195 595 4244 ECod.
636 4194 671 4243 ris
693 4213 712 4254 γ
734 4191 854 4255 adjectum
882 4208 938 4241 cum
964 4191 1009 4239 illo
1036 4204 1139 4239 numero

88 4263 169 4312 Paris.
180 4269 308 4312 enotatum
319 4262 416 4310 videb'a
426 4261 455 4310 V.
464 4261 492 4310 C.
499 4259 594 4309 Tollio:
639 4259 716 4308 15000
729 4257 834 4308 efficere:
851 4264 878 4308 at
887 4257 956 4308 tieret
966 4257 1012 4304 hoc
1023 4255 1140 4305 insolenti

89 4326 112 4394 ai¹
120 4329 206 4380 πόντιε
217 4327 295 4390 στίχοι
306 4328 345 4374 τοῦ
358 4326 450 4392 ‘O'pripoo
460 4327 499 4374 rici
510 4335 546 4386 λγ
557 4325 600 4372 nal
637 4321 736 4388 prorsus
746 4319 827 4372 niodo.

87 4413 146 4456 χμι.
171 4409 235 4457 quae
250 4400 376 4463 corrupta
390 4408 455 4448 esse
476 4391 596 4442 videntur.
638 4431 655 4444 ..
733 4456 754 4516 3

703 4477 717 4516 S

530 1674 710 1739 'scemenda
731 1689 806 1741 sunt
850 1700 891 1740 uo
917 1676 1040 1740 diversa
1053 1690 1139 1741 tem·
1222 1728 1224 1736 .
