3008 5056
320 357 384 426 160
678 355 931 428 EXCURSUS
955 359 1004 425 11.

323 545 410 610 runt,
425 529 467 595 de
480 529 734 618 pronuntiatione
747 531 867 619 aliquid
882 545 953 599 tuto
967 533 1062 598 statui
1077 555 1113 597 sc
1126 531 1253 597 decerni
1267 551 1367 620 posse,

321 618 463 686 nondum
478 617 555 682 mihi
568 617 757 705 persuadere
770 620 870 704 potui.

238 703 241 710 ’
336 711 344 721 “
367 706 451 769 Curn
482 705 698 768 Romanorum
726 706 797 770 Vau
828 699 987 794 digamma
1022 705 1211 785 convenisse,
1241 725 1260 767 e
1288 701 1367 769 notis

322 789 506 869 Quintiliani
528 791 866 878 grammaticorumque
883 792 959 857 locis
979 791 1052 856 satis
1068 803 1200 857 constat.
1245 788 1366 877 Dionya
1426 799 1430 804 ’

321 877 386 941 sius
404 876 508 941 Halic.
525 878 604 941 Ant.
621 879 715 942 Rom.
732 877 763 957 I,
779 881 831 943 ao.
847 880 894 967 (p.
912 877 979 964 16.)
993 901 1068 943 cum
1090 904 1121 943 ου
1141 899 1211 942 com
1289 887 1315 955 t,
1330 887 1366 940 ut

322 963 355 1026 in
376 962 436 1028 loci
457 962 593 1042 nomine,
631 963 664 1028 ui
685 963 718 1027 in
740 965 819 1028 urbe
837 965 911 1045 fuit,
927 964 1016 1028 Velia
1029 970 1147 1030 Ουιλια.
1226 985 1271 1028 on
1284 973 1366 1027 recte

322 1049 474 1134 confundj
498 1071 589 1114 sonos
605 987 630 1113 li
649 1052 687 1116 V.
703 1055 742 1114 Φ.
760 1051 829 1138 jam
851 1073 942 1139 saepe
963 1074 984 1115 a
1003 1050 1078 1115 viris
1098 1050 1199 1116 doctis
1220 1061 1364 1114 notatum

322 1149 380 1216 est,
395 1135 491 1201 fuisse
512 1136 595 1201 enim
615 1159 668 1201 eos
687 1159 779 1201 sonos
800 1136 882 1202 inter
903 1161 936 1202 se
957 1137 1096 1202 diversos
1116 1136 1224 1202 multis
1239 1159 1281 1202 ex
1295 1134 1367 1201 locis

323 1235 463 1298 constat3
488 1224 606 1287 Verum
619 1221 679 1288 ista
692 1223 790 1311 hujus
804 1223 863 1288 loci
877 1223 964 1288 haud
979 1237 1062 1288 sunt.

366 1311 491 1374 Aeolum
513 1308 592 1374 illud
614 1322 764 1398 tanquam
786 1310 949 1410 proprium
966 1309 1111 1374 habitum
1132 1311 1267 1397 estjam
1288 1309 1368 1374 iuter

321 1408 459 1471 veteres3
483 1409 593 1482 estque
612 1396 690 1461 haec
710 1395 817 1483 opimo
837 1411 963 1485 recepta
983 1418 1003 1461 a
1023 1396 1235 1484 grammaticis
1255 1395 1297 1460 ad
1315 1415 1368 1459 no-

323 1495 418 1546 stram
444 1495 577 1548 aetatem
606 1495 798 1572 propagata;
828 1483 874 1548 ita
893 1483 961 1572 jam
988 1481 1180 1570 Apollonius
1209 1483 1243 1546 D
1268 1481 1366 1546 seclus

322 1568 451 1635 tradidit
471 1569 505 1633 in
526 1569 638 1656 fragm.
661 1571 749 1657 App.
774 1569 881 1636 Maitt.
904 1593 935 1658 p.
952 1572 1025 1634 425.
1047 1571 1120 1636 427.
1137 1570 1211 1633 432.
1230 1505 1303 1651 (irbi
1323 1570 1367 1632 ris

322 1657 363 1718 ἑὸν
384 1657 471 1720 παῖδα
493 1655 692 1720 scribendum
713 1667 761 1720 est
773 1681 820 1719 τον
836 1661 882 1720 For
895 1659 982 1720 naida
997 1667 1029 1720 et
1042 1678 1102 1742 pro
1116 1659 1154 1719 rel
1169 1659 1202 1718 ta
1217 1655 1317 1735 κάδεα,
1329 1679 1366 1717 ra

323 1745 369 1805 fa.
386 1763 445 1842 pro
456 1739 524 1829 ἅτις
562 1741 627 1821 ἕθεν,
641 1765 681 1807 ex
696 1741 826 1821 Alcaeo,
842 1767 909 1830 ατερ
925 1744 1023 1826 feder.)
1058 1744 1100 1806 In
1122 1741 1248 1806 Latinis
1267 1763 1367 1831 gram-

321 1827 441 1891 matteis
586 1827 630 1892 tio
651 1839 699 1892 est
789 1850 875 1893 uene.
920 1827 1100 1893 Priscianus
1120 1827 1174 1892 lib.
1192 1829 1221 1892 1.
1245 1849 1314 1915 cap.
1329 1825 1367 1890 de

322 1935 454 1978 numero
462 1851 601 1978 itteram
621 1936 652 2001 p.
669 1915 734 1980 845
819 1915 990 1978 Varronem
1012 1928 1044 1980 et
1066 1913 1245 2002 Didymum
1260 1935 1369 2001 provo-

322 2013 381 2064 cat.
427 2001 508 2064 Sane
529 1999 562 2062 in
583 1999 761 2087 fragmento
782 2000 930 2089 Sapphus
947 2023 997 2087 ap.
1014 1999 1198 2087 Longinum
1220 2011 1270 2064 est
1291 1997 1367 2064 aim
1447 2024 1450 2028 ·

322 2086 435 2169 καμμὶν
448 2094 574 2170 γλῶσσα
590 2091 678 2171 Ὲεαγε
691 2085 742 2150 vel
758 2092 865 2172 fetuyr
881 2086 929 2170 (at
942 2085 1049 2174 paullo
1070 2100 1143 2152 ante
1162 2085 1363 2151 adversatur:

321 2175 432 2270 oisyqig
446 2170 507 2236 εἴδω
520 2197 563 2234 σε.
579 2194 652 2236 nam
669 2175 748 2236 fros
766 2183 867 2237 metro
888 2176 1080 2261 repugnat).
1112 2172 1269 2237 Firmavit
1290 2172 1367 2236 hanc
1487 2225 1488 2256 ἢ

321 2280 500 2346 opinionem
514 2257 611 2337 aliud,
627 2258 715 2346 quod
728 2258 826 2347 vulgo
839 2259 871 2322 in
886 2258 1050 2324 hominum
1072 2281 1126 2324 ore
1146 2257 1294 2323 habitum
1310 2269 1364 2338 est,

320 2341 462 2432 linguam
477 2344 635 2424 Latinam,
651 2344 684 2410 in
698 2368 763 2432 qua
781 2343 883 2411 multa
902 2367 975 2410 cum
991 2346 1113 2426 Graeco
1134 2367 1279 2414 sermone
1300 2366 1367 2410 con·

322 2430 464 2509 veniunt,
480 2429 520 2505 ad
536 2430 703 2496 dialectum
717 2431 880 2496 Aeolicam
894 2432 1060 2496 formatam
1075 2453 1151 2496 esse.

367 2517 539 2603 Equidem,
557 2540 630 2584 cum
652 2518 749 2616 hujus
769 2518 877 2582 asserti
902 2517 997 2582 fidem
1018 2531 1051 2582 et
1071 2517 1209 2584 fundum
1231 2516 1366 2582 curatius

211 2585 221 2596 ‘
322 2601 615 2700 inquireremus
633 2602 699 2667 viu
723 2627 789 2668 esse
808 2603 882 2669 ass
903 2604 1041 2684 smum,
1061 2603 1113 2669 cui
1132 2601 1273 2689 rugans
1293 2603 1366 2668 aaa
1486 2649 1487 2666 ,

322 2707 429 2774 opuuo
442 2687 636 2756 inniteretur.
681 2689 768 2767 Quid
780 2690 907 2755 tandem
921 2689 1097 2754 commercii
1114 2687 1239 2753 Latinis
1253 2701 1297 2768 et,
1312 2688 1367 2752 du-

322 2773 380 2838 ctis
395 2773 435 2838 ab
449 2773 497 2854 iis,
513 2774 665 2842 Romanis
679 2787 736 2840 aut
749 2775 822 2855 fuit,
838 2789 893 2842 aut
915 2799 981 2842 esse
1002 2774 1107 2864 potuit
1129 2797 1197 2839 cum
1211 2775 1364 2864 rgeodbta,

323 2871 360 2924 ut
385 2860 426 2926 ab
452 2859 501 2926 his
526 2883 698 2926 sermonem
720 2875 752 2926 et
772 2860 1007 2950 grammaticam
1028 2860 1197 2928 adsciscere
1219 2861 1366 2948 possent?

323 2946 523 3012 Adversatur
543 2959 660 3012 asserto
680 2947 781 3013 omnis
802 2948 931 3016 historia
954 2947 1121 3036 antiquior.
1167 2948 1274 3012 Immo
1297 2967 1367 3010 vero

324 3032 449 3122 Pelasgi
463 3033 563 3112 fuere,
578 3033 645 3124 qui,
660 3033 846 3132 migratione
859 3033 893 3098 in
908 3033 1034 3100 ltaliam
1055 3035 1139 3100 facta
1159 3057 1234 3098 cum
1252 3031 1364 3098 Abori-

322 3117 459 3206 ginibus,
487 3121 657 3184 Ausonum
680 3119 784 3208 stupis
805 3119 935 3210 populo,
957 3120 1112 3208 equibus
1137 3119 1247 3186 Latini
1268 3120 1365 3197 fuere,

322 3204 514 3271 coaluerunt.
560 3207 676 3293 Itaque
696 3208 854 3292 digamma
874 3207 1071 3292 Petregicum
1090 3205 1198 3294 potius
1218 3216 1300 3270 esset
1319 3203 1363 3269 di-

322 3291 468 3370 cendum,
485 3290 510 3354 si
524 3313 637 3356 nornen
651 3305 772 3357 certum
785 3292 944 3379 impertire
958 3291 1060 3358 velles.
1106 3295 1252 3361 Praestat
1265 3303 1364 3356 tamen

323 3373 373 3442 vel
395 3377 437 3442 sic
459 3376 561 3442 dicere
582 3379 784 3463 antiquiorum
798 3375 877 3444 illud
891 3377 986 3444 fuisse
1003 3379 1187 3444 Groeccrmn
1201 3399 1361 3454 mmmmm,
1484 3449 1485 3454 η

322 3475 419 3549 atque
432 3463 465 3528 in
479 3487 539 3533 usu
553 3463 697 3529 habitum
712 3463 835 3552 vulgari
855 3464 889 3528 in
911 3485 1052 3530 sermone
1070 3465 1266 3530 Graecorum
1280 3476 1365 3527 vetu-
1484 3477 1485 3484 ’

323 3548 424 3648 stiore.
471 3549 631 3632 Hellenas,
657 3563 714 3615 aut
737 3574 757 3614 a
778 3549 926 3650 Pelasgis·
943 3549 1103 3636 oriundos,
1122 3549 1252 3702 ‘Pelasgi
1326 3570 1364 3612 ue

322 3649 427 3807 {3¹³3
440 3635 1364 3810 dtlllzttltutllttttll,meliri

320 3806 359 3872 iis
380 3829 577 3874 communem
598 3831 635 3873 ac
655 3808 868 3895 promiscuum
889 3809 1046 3888 habuisse
1061 3832 1101 3876 ex
1123 3808 1217 3873 rebus
1236 3804 1364 3872 narratis
1483 3809 1484 3830 ³

321 3893 411 3994 facile
425 3893 560 3994 colligas.
605 3895 680 3963 Jam
695 3895 822 3976 Aeoles,
838 3895 895 3983 qui
915 3894 1094 3983 srrtiquiora
1114 3893 1364 3993 constantinam

321 3997 450 4046 nnursse
471 3981 629 4059 videntur,
651 3993 782 4068 potuere
801 4005 929 4132 ςυοιἚε
951 3981 1108 4132 digpulrlma
1129 4001 1163 4044 m
1183 3991 1362 4067 pmnunna-

323 4068 406 4132 tione
433 4067 552 4132 diutius
575 4089 707 4148 servare,
730 4091 825 4155 quam
850 4068 962 4158 re‘qui
1021 4092 1039 4133 e
1062 4088 1152 4141 enes;
1177 4078 1251 4130 sunt
1271 4063 1361 4130 iidem

322 4151 476 4220 molliores
502 4177 592 4220 sonos
616 4153 741 4245 sequuti
767 4154 967 4243 etspiritum
995 4176 1140 4307 anperum
1166 4161 1359 4241 respuerunt.

324 4243 406 4311 Cum
429 4241 535 4332 itaque
557 4242 587 4306 in
612 4239 728 4312 Latino
748 4255 888 4308 sermone
903 4264 1010 4312 nostru
1033 4262 1106 4308 aex
1121 4239 1252 4329 antiquo
1267 4239 1360 4304 Grae-
1481 4271 1482 4318 3
