2998 5052
326 361 395 426 als
700 353 952 422 Excunsus
976 353 1006 424 1,

333 553 451 620 queex
465 542 556 618 parte
570 539 672 594 tutam
687 529 840 596 rationem
861 527 1097 616 grammaticam
1117 551 1175 592 nos
1189 526 1312 616 fugere,
1328 549 1387 592 neo

253 663 255 670 ,
335 618 504 716 quicquam
528 615 603 704 poni
621 635 724 704 posse,
739 615 779 680 de
803 637 868 703 quo
887 637 951 680 non
970 614 1037 678 aliie
1060 613 1120 679 alia
1133 615 1254 714 possint
1274 613 1386 680 videri.

334 707 389 770 Ex
403 703 453 767 lus
466 702 542 792 ipsis
564 715 670 769 antem
684 702 833 782 criticam,
850 714 882 766 et
902 701 935 766 in
955 701 1210 790 interpretatione
1230 701 1386 766 rationem

334 790 579 879 grammaticam,
596 789 858 878 saepe‘incertam
872 787 971 852 reddi.
1017 789 1070 853 Ita
1093 794 1133 852 K.
1158 792 1209 860 98.
1230 791 1273 860 99
1287 789 1326 871 μή
1340 814 1386 852 τοι

318 879 385 961 μὲν
400 876 702 963 κοιμήσωνται-ἀτὰρ
717 875 864 940 λάθωνται.
881 873 1002 940 doctior
1017 887 1084 938 erat
1098 875 1191 939 lectio
1205 876 1385 956 martinorum

320 983 396 1051 pro
417 961 513 1026 altera
527 960 581 1026 v'ul
624 975 657 1027 ta
679 961 877 1045 κοιμήσωνται.
898 983 956 1026 nec
979 973 1084 1026 tamen
1105 984 1201 1026 ausus
1222 983 1292 1024 sum
1313 983 1386 1024 mu-

334 1062 410 1114 tare.
457 1049 572 1135 Itaque
582 985 665 1114 baone
678 1047 777 1113 sentio
791 1069 842 1111 me
856 1047 960 1197 ipsum
975 1070 1039 1111 nou
1058 1048 1177 1146 ubique
1190 1047 1321 1112 eandem
1335 1069 1388 1111 ra-

334 1135 452 1200 tionem
467 1145 645 1200 constanter
659 1157 814 1209 servasse;
837 1156 879 1198 no
891 1132 925 1198 ui
947 1133 1030 1198 enim
1052 1133 1129 1198 min
1148 1157 1293 1221 arrogare
1311 1133 1386 1212 hoc,

335 1233 373 1286 ut
386 1219 622 1310 pronuntiarem
637 1234 788 1309 tanquam
803 1220 975 1308 explorata,
990 1243 1072 1307 quae
1096 1243 1245 1307 suspensa
1258 1232 1385 1284 tantum

335 1305 424 1372 lance
438 1329 479 1394 sp
518 1307 573 1371 ndi
587 1331 678 1395 posse
692 1306 840 1372 viderem.
886 1308 940 1371 Ita
952 1306 1099 1394 equidem
1117 1328 1201 1370 nunc
1215 1321 1279 1371 non
1293 1305 1389 1371 dubi-

336 1406 401 1458 tem
414 1330 555 1482 prodiisti
569 1400 607 1458 A.
624 1396 697 1465 192.
713 1395 846 1479 &stirap
864 1393 923 1457 ἐπεί
938 1395 963 1455 κ’
979 1397 1015 1468 εἰς
1032 1394 1128 1468 ἰἰιιιοιις
1143 1391 1254 1472 ἅλεται,
1269 1405 1326 1458 aut
1347 1405 1387 1456 ut

334 1495 454 1546 veteres
469 1479 671 1567 scripserunt,
687 1478 798 1559 ἅλεται,
814 1503 879 1544 esse
893 1502 1074 1568 praesensa
1083 1479 1181 1543 verbo
1194 1478 1312 1562 ἄλομαι,
1323 1503 1386 1568 pro

332 1565 444 1640 futuro
454 1566 604 1654 positum.

371 1652 453 1738 Alia
473 1666 521 1718 est
540 1651 748 1718 inconstantia
767 1673 831 1715 non
849 1651 939 1717 facile
960 1651 1098 1716 tollenda
1118 1651 1152 1714 in
1170 1673 1232 1716 usu
1251 1651 1385 1740 subjun-

333 1738 408 1805 ctivi
422 1752 455 1803 et
477 1739 621 1827 optativi,
636 1739 759 1827 quoties
774 1738 906 1803 varietas
925 1738 1045 1817 incidit,
1061 1761 1090 1800 v.
1106 1762 1133 1802 c.
1151 1745 1189 1801 K.
1204 1737 1270 1806 367
1283 1740 1329 1802 ira
1343 1740 1383 1822 μή

331 1851 375 1900 τις
390 1824 482 1908 φθαίη,
499 1832 512 1888 ὁ
527 1827 554 1889 δὲ
570 1827 687 1906 δεύτερος
704 1825 777 1906 ἔλθη,
792 1824 844 1889 olii
860 1825 939 1888 ἔλθοι.
955 1825 988 1889 in
1002 1821 1052 1890 his
1066 1849 1102 1889 ac
1121 1824 1274 1890 similibus
1310 1839 1384 1898 utes

333 1922 442 1976 utrum
462 1916 506 1976 'ue
526 1912 704 1978 membrum
725 1889 791 1976 eise
812 1912 854 1976 ad
874 1935 982 1998 parem
1004 1911 1134 1976 modum
1152 1849 1382 1998 redigentium,

333 1997 423 2085 atqui
437 1935 563 2062 ribstant
577 2011 625 2063 tot
639 1997 699 2062 alis
718 1997 872 2087 exempla,
887 1997 920 2061 in
943 1997 1060 2086 quibus
1077 2010 1184 2086 aperte
1198 2021 1271 2063 cum
1285 2000 1385 2064 verbo

333 2084 465 2171 optativi
494 2084 581 2150 aliud
610 2085 801 2173 subjunctivi
829 2083 1040 2173 conjungitur.
1087 2086 1128 2148 In
1156 2084 1275 2150 Atticis
1299 2099 1384 2151 recte

334 2170 494 2250 statuitur,
510 2185 693 2259 utrumque,
710 2177 732 2234 εἰ
747 2184 779 2236 et
803 2171 829 2236 εἴ
841 2197 897 2251 κει,
913 2195 985 2236 oum
1005 2171 1156 2284 optativo,
1172 2185 1205 2236 at
1219 2195 1293 2236 cum
1311 2173 1385 2238 sub-

329 2256 475 2355 junctivo
488 2281 652 2347 nunquam
667 2263 690 2322 εἰ
705 2257 817 2339 solum,
833 2259 888 2322 sed
902 2258 1004 2323 solum
1019 2285 1041 2322 ει
1057 2283 1102 2322 κει
1116 2258 1202 2346 poni.
1246 2262 1304 2324 An
1323 2259 1384 2325 hoc

332 2365 367 2407 ur
386 2345 529 2410 Homero
549 2358 582 2410 et
604 2344 747 2410 Hesiodo
764 2345 809 2409 ita
826 2368 858 2410 se
877 2345 1002 2424 habeat,
1018 2344 1140 2432 dispexi
1163 2346 1205 2410 ad
1225 2344 1283 2412 lib.
1304 2348 1334 2410 V
1347 2369 1379 2434 p.

333 2431 406 2499 177.
423 2431 505 2496 sicl.
522 2434 587 2501 477
604 2430 654 2496 nal
677 2459 713 2516 με
733 2431 843 2511 φίλησε,
860 2431 926 2495 ὡσεί
943 2458 974 2495 τε
994 2437 1085 2518 πατήρ
1107 2430 1135 2496 ὃν
1158 2435 1246 2496 παῖδα
1268 2434 1380 2521 φιλήσῃ.

332 2515 384 2581 hic
404 2518 447 2582 ad
467 2519 602 2583 eundem
622 2517 787 2606 scopulum
808 2517 948 2583 offendit.
970 2520 1005 2593 ὥς
1027 2517 1081 2582 rire
1103 2520 1214 2607 φιλήσῃ.
1252 2521 1383 2586 Poterat

332 2601 377 2666 ibi
392 2605 500 2682 φιλήσει
519 2604 623 2692 recipi.
667 2605 774 2669 Etiam
792 2605 874 2670 inter
895 2604 1072 2693 optativum
1089 2617 1122 2670 et
1143 2603 1380 2694 subjunctivum

334 2710 385 2752 sae
446 2689 538 2754 lectio
558 2703 661 2765 errst3
686 2704 723 2756 ut
745 2696 767 2755 εἰ
789 2691 817 2754 δι’
839 2719 870 2756 κε
884 2692 944 2780 δύῃς
966 2703 997 2756 et
1018 2692 1087 2764 δύσις
1109 2691 1215 2757 1600
1235 2692 1313 2758 item
1333 2717 1380 2758 ve.

401 2825 408 2841 .
424 2781 461 2840 E.
482 2779 547 2842 308
565 2776 580 2841 i
603 2777 647 2841 δύο
663 2779 692 2862 γ’
714 2775 791 2864 ἄνδρε
809 2779 919 2865 φέροιεν.
941 2778 1128 2865 expectabas
1142 2778 1245 2866 φέροιεν
1258 2778 1304 2844 ἄν.
1324 2780 1381 2845 nisi

333 2861 497 2950 suspiceris
510 2886 570 2951 pro
584 2863 628 2927 δύο
643 2867 673 2949 γ’
687 2863 783 2929 fuisse
798 2865 841 2928 δύο
857 2867 892 2928 κ’.
1379 2861 1382 2870 ’

374 2949 494 3014 Verum
517 2949 638 3015 diutius
658 2949 750 3030 forte,
767 2973 862 3038 quam
877 2973 936 3041 pro
950 2949 995 3015 rei
1015 2950 1180 3038 gravitate,
1194 2950 1378 3018 immoratus

331 3057 401 3100 sum
420 3036 470 3100 his
491 3031 716 3102 subtilitatibus
737 3037 967 3125 grammaticis;
990 3037 1183 3125 paucissimis
1204 3038 1313 3127 itaque
1334 3053 1378 3104 at-

330 3121 449 3210 tingam
469 3123 620 3188 nonnulla
640 3123 710 3203 alia,
727 3145 862 3212 quorum
881 3123 959 3189 mihi
979 3147 1043 3190 non
1064 3125 1168 3190 minus
1189 3149 1317 3192 caussae
1338 3151 1375 3192 ex

249 3253 256 3259 ,
330 3207 373 3272 im
415 3209 514 3274 nfecta
533 3210 737 3298 grammatica
758 3210 946 3276 Homericae
965 3211 1075 3276 aetatis
1095 3210 1299 3278 illustrandae
1313 3237 1385 3279 esse.

330 3294 363 3372 vi
385 3305 488 3359 entur.
533 3297 696 3362 Praeclare
710 3310 888 3385 temporum
902 3297 990 3362 verbi
1014 3298 1150 3363 rationes
1171 3300 1377 3388 expedivitet

330 3381 492 3446 constituit
507 3382 624 3448 Clarke
637 3407 709 3448 cum
724 3383 810 3460 aliis3
835 3409 944 3472 saepe'
968 3409 990 3449 u
1033 3409 1073 3450 ue
1096 3399 1262 3473 argutatus
1276 3401 1325 3453 est
1338 3387 1377 3452 de

330 3466 461 3556 singulis
474 3467 560 3549 locis,
576 3483 613 3536 ut
627 3470 814 3551 ostenderet,
828 3407 1175 3560 quomoioiioctrmsn
1199 3473 1233 3537 in
1249 3473 1312 3538 illis
1326 3474 1379 3539 de-

328 3552 480 3621 fenderet
525 3556 596 3622 Nisi
615 3570 720 3623 tamen
744 3558 786 3623 ad
803 3557 942 3646 argutias
960 3570 992 3622 et
1010 3559 1103 3624 tricas
1123 3557 1315 3646 confugeris,
1333 3560 1379 3624 fa·

322 3641 460 3706 ‘tendum
470 3656 528 3722 est,
544 3643 748 3710 subtilitatem
774 3644 1008 3733 grammaticam
1025 3645 1059 3710 in
1077 3644 1184 3710 multis
1201 3645 1279 3712 locis
1297 3647 1378 3712 desi-

268 3795 272 3800 .
329 3726 449 3792 derari:
473 3753 502 3792 v.
518 3754 545 3794 c.
569 3737 606 3795 Δ.
623 3735 687 3802 492
701 3739 749 3796 τοῦ
770 3734 821 3815 μὲν
840 3731 1002 3816 ἅμαρθ’-ὁ
1026 3733 1053 3796 δὲ
1067 3733 1324 3822 βεβλήκει-ἤριπε
1338 3735 1375 3800 δι’.

318 3813 399 3900 'quis
413 3815 540 3880 tandem
554 3830 649 3906 neget
661 3817 1003 3906 plusquamperfectum
1017 3818 1048 3881 h.
1059 3817 1079 3882 1.
1100 3817 1210 3882 eodem
1229 3820 1328 3886 modo
1342 3845 1379 3886 ac

317 3917 420 3966 'sensu
443 3903 519 3990 poni
540 3927 637 3991 quam
659 3905 831 3974 aoristum!
855 3904 1010 3970 substitue
1032 3903 1129 3986 ἔβαλε.
1151 3904 1197 3969 nil
1214 3920 1262 3971 est
1287 3909 1377 3996 quod

326 3987 493 4054 desideres
522 3994 566 4060 A..
582 3994 643 4056 221
669 3991 809 4056 Achilles
831 3993 883 4055 ott
907 3992 1021 4070 ἀπίθησε
1043 3991 1119 4078 pito
1139 3992 1292 4070 Ἀθηναίης.
1316 4003 1332 4073 ή
1355 3998 1377 4059 δ’

325 4072 507 4159 Οὔλυμπόνδε
529 4079 653 4158 βεβήκει.
677 4090 772 4157 recte,
791 4077 990 4157 celeritatem,
1005 4077 1099 4156 (licea,
1119 4077 1268 4166 exprimit
1288 4081 1375 4168 plus-

323 4164 608 4250 quamperfectum,
627 4164 695 4251 jam
714 4164 851 4230 abierat:
876 4164 1018 4252 sequitur
1031 4176 1154 4229 tamen:
1180 4166 1320 4245 Πηλείδης
1341 4193 1372 4231 τε

323 4247 473 4331 sportam.
490 4273 594 4316 annon
615 4249 701 4316 istud
725 4264 802 4330 erat,
822 4250 987 4340 arguam?
1009 4254 1162 4317 Praesens
1183 4265 1290 4318 autem
1312 4277 1370 4342 pro

322 4327 433 4398 futuro
453 4334 624 4405 innumeris
647 4336 723 4406 locis
741 4337 889 4426 ponitur:
913 4337 1012 4418 πείθευ,
1036 4337 1095 4425 ἐγὼ
1118 4338 1149 4403 δι’
1172 4365 1206 4404 κε
1227 4365 1271 4404 τοι
1296 4340 1367 4405 εἰδέω
