2998 5052
476 365 545 428 AD
567 363 717 429 ILIAD.
740 365 845 428 ⁸1¹.84.
1125 362 1189 430 als

138 528 228 616 χάριν
241 530 340 614 ἤματα
359 533 461 598 πάντα.
475 534 525 600 ·Il.
551 535 587 600 Ξ.
613 533 677 602 9235
698 548 730 601 et
753 535 818 600 sine
841 533 885 615 ἂν,
902 539 938 600 A.
962 537 1027 600 528
1046 537 1188 600 ἀλλὰκαὶ

141 619 217 700 ἡμεῖς
232 621 303 682 κεῖσ’
317 619 414 695 ἵππους
428 647 459 685 τε
474 623 522 686 καὶ
537 620 603 708 ἅρμ’
619 622 743 706 ἰθύνομεν.
789 621 939 688 Redeunt
959 621 1036 687 hacc
1057 621 1100 686 ad
1118 621 1188 686 vul·

139 723 248 791 garem
259 705 530 772 observationem:
556 720 696 797 tempora
718 707 877 776 interdum
895 708 1078 807 permutari,
1094 708 1189 774 etiam

140 811 161 852 a
174 790 380 878 scriptoribus
393 794 527 882 optimis.
565 792 683 872 Recte3
707 819 818 868 ,verum
831 795 891 862 boc
905 817 1007 882 rpsum
1020 817 1082 894 pro
1096 818 1190 882 argu-

140 889 248 942 mento
261 878 374 960 habeo,
390 880 594 948 subtilitatem
607 881 699 948 istam
713 881 846 970 logicam
860 904 900 946 ne
921 905 941 945 a
954 881 1045 946 bonis
1059 881 1188 969 quidem

141 962 346 1052 scriptoribus
360 966 477 1054 ubique
492 968 660 1048 observari,
672 969 773 1033 multo
786 969 891 1034 minus
903 966 1188 1066 inantiquissimim

140 1060 179 1112 ut
193 1061 324 1131 taceam,
339 1075 436 1118 unam
450 1054 644 1140 eandemque
658 1055 903 1121 enuntiationem
917 1077 1007 1142 posse
1029 1053 1188 1118 interdum

140 1134 230 1201 haud
245 1159 311 1202 uno
323 1139 418 1204 modo
431 1152 514 1205 recte
528 1140 639 1206 efferri.

185 1221 263 1286 Alia
271 1224 387 1311 passim
395 1225 437 1290 ad
485 1227 681 1292 ammaticam
689 1227 851 1315 antiquam
862 1249 976 1314 parum
987 1226 1188 1306 elaboratam,

139 1307 276 1395 ideoque
297 1309 379 1376 iuter
400 1249 587 1378 archaismos
601 1311 706 1393 retuli,
721 1337 802 1402 quae
822 1335 907 1377 nunc
929 1335 993 1378 non
1008 1311 1189 1400 singulatim

141 1406 280 1461 mentem
295 1398 439 1464 subeunt.
486 1401 527 1464 In
541 1400 590 1464 his
604 1414 671 1465 erat
685 1406 722 1476 εἰς
734 1400 861 1473 δεκάτους
875 1400 1010 1474 ἐνιαυτούς
1026 1405 1066 1464 Θ.
1082 1400 1154 1464 401.

186 1483 360 1570 Asperiora
372 1485 507 1574 praetuli
526 1482 574 1567 iis,
586 1509 667 1574 quae
682 1487 810 1552 seriores
824 1484 1022 1550 mollierunt:
1046 1497 1083 1549 ut
1097 1484 1189 1582 apori,

139 1571 184 1654 τῷ
203 1570 279 1648 ποτὶ,
296 1571 370 1658 (pro
382 1571 473 1660 πρός.)
496 1571 532 1658 γῖ
569 1577 656 1652 εσθαι,
674 1578 715 1659 τῷ
732 1572 866 1658 γίνεσθαι.
912 1572 1026 1658 Neque
1042 1571 1190 1647 ,dub1tas·

138 1652 497 1810 113ΐί111111
511 1655 990 1811 instruetur
991 1679 1081 1808 ”lli
1090 1680 1189 1808 tlt

139 1851 220 1916 rem,
235 1828 269 1892 in
283 1829 455 1895 observatis
468 1829 662 1920 reponerem,
677 1855 774 1932 quam
788 1831 814 1896 si
827 1854 887 1919 pro
901 1768 1069 1918 e'xploiatis
1081 1829 1191 1894 habita

139 1914 175 1979 in
187 1928 371 1980 contextum
385 1917 542 1984 inferrem.
589 1921 700 2007 Sprevr
718 1919 789 1998 alia,
805 1917 880 2006 quia
894 1941 958 1982 non
972 1916 1046 1982 satis
1059 1916 1096 1982 iis
1117 1939 1190 1980 con-

138 2001 278 2068 fidebam
294 2015 331 2067 ut
344 2005 444 2069 ἁλόντε
460 2012 495 2069 E.
514 2007 585 2074 487.
604 2031 631 2069 v.
648 2005 739 2071 Obss.
764 2005 816 2071 Sic
835 2027 898 2070 non
920 2027 1017 2069 ausus
1031 2025 1102 2068 sum
1118 2025 1190 2090 pro-

140 2088 289 2153 nuntiare
303 2089 343 2154 de
353 2113 430 2155 voce
445 2091 594 2180 ἐτραφέτην
609 2097 646 2156 Ε.
661 2095 725 2159 555
740 2092 816 2180 quia
829 2114 893 2156 non
906 2090 1019 2170 habeo,
1034 2090 1122 2178 quod
1136 2090 1190 2154 de-

139 2174 260 2256 finiam,
287 2198 366 2240 num
394 2177 490 2242 fuerit
518 2180 651 2244 verbum
678 2179 787 2266 speleu,
816 2177 950 2262 τράφημι,
976 2176 1027 2240 vel
1051 2177 1188 2264 τετρᾶφω,

138 2262 264 2328 actione
277 2262 477 2344 immanenta
493 2266 643 2345 adolesco,
658 2266 796 2330 archim.-
818 2288 847 2328 v.
868 2264 1028 2351 disputata
1045 2263 1126 2351 ade.
1143 2285 1188 2326 vs

139 2361 173 2416 et
188 2349 231 2416 ad
246 2356 286 2414 H.
304 2351 377 2420 199.
394 2357 430 2415 Β.
445 2351 518 2418 661.
550 2355 662 2439 Atque
676 2357 715 2417 Ψ.
731 2353 774 2416 84
788 2349 821 2415 in
835 2349 873 2414 iis
883 2373 965 2437 quae
978 2350 1052 2414 huic
1067 2351 1190 2414 Excur-

140 2436 192 2502 sui
206 2435 398 2526 praescripta
419 2451 503 2518 sunt,
520 2439 680 2503 Aeschinis
695 2436 798 2516 lectio,
813 2439 849 2512 ὥς
871 2442 939 2519 ὁμοῦ
959 2436 1120 2523 ἐτράφεμιν,
1135 2457 1190 2500 an·

139 2524 234 2611 tiqua
248 2524 419 2590 Homerica
432 2524 524 2590 lectio
538 2548 604 2590 esse
618 2523 736 2590 debuit

137 2631 141 2637 ·
185 2609 273 2688 Quid
286 2633 372 2689 vero,
387 2634 491 2676 annon
504 2610 644 2676 dicemus
657 2610 774 2700 pariter
794 2609 926 2696 antiquo
940 2605 1074 2673 sermoni
1087 2607 1192 2694 impu·
1227 2605 1230 2618 '

139 2697 276 2764 tandum
290 2719 367 2774 esse,
383 2697 471 2785 quod
483 2698 645 2764 toleranda
664 2696 815 2764 nonnulla
837 2709 922 2776 sunt,
937 2693 998 2759 alia
1011 2695 1104 2759 etiam
1113 2716 1191 2786 pro-

141 2783 258 2863 banda,
288 2783 321 2847 in
345 2784 516 2850 Homerico
536 2785 683 2865 carmine,
706 2807 788 2872 quae
808 2783 842 2848 in
872 2781 1067 2869 sequioribus
1091 2780 1192 2868 poetis

139 2869 230 2936 haud
245 2869 450 2950 admittimus
465 2895 610 2958 quaeque
624 2868 934 2959 etiamApollonius,
949 2867 1009 2932 nisi
1022 2867 1078 2931 ubi
1091 2889 1192 2954 pravo

142 2955 291 3022 imitandi
314 2957 419 3022 studio
441 2957 765 3047 abripitur„sprevit?
789 2958 842 3022 Ita
864 2953 1078 3020 accumulatae
1095 2952 1192 3041 parti-

140 3042 239 3124 culae¹
247 3045 425 3109 Homerum
439 3043 571 3120 decent;
588 3044 787 3133 repetitiones
800 3042 924 3108 crebras
939 3039 1110 3106 eorundem
1122 3041 1193 3103 'ver-

138 3132 258 3197 borum
287 3142 319 3194 ct
344 3153 496 3196 versuum
517 3131 751 3206 condonamus3
774 3129 833 3196 etsi
861 3128 894 3193 in
913 3127 962 3192 his
982 3126 1070 3192 haud
1083 3145 1193 3214 'pauca

140 3216 308 3370 rhqudis
323 3218 430 3318 potius
444 3219 551 3284 deberi
564 3241 682 3284 censeo.
841 3216 845 3220 ’
1014 3300 1020 3314 .
1258 3233 1260 3237 ’

217 3326 307 3369 erum
322 3327 355 3368 m
368 3305 380 3368 i
450 3329 578 3393 quoque
592 3303 739 3393 prosodia
762 3313 846 3383 sunt,
862 3325 945 3390 quae
958 3313 1106 3387 antiquae
1119 3321 1194 3398 poe-

144 3415 213 3458 seos
227 3390 327 3455 indoli
339 3329 517 3472 triliflende,
533 3404 565 3458 et
587 3415 627 3456 ex
650 3416 688 3457 ea
702 3390 823 3456 veniam
902 3387 1022 3466 ‘tantia
1037 3385 1191 3484 dixenmj

143 3490 359 3568 poteruntque
373 3478 455 3544 forte
467 3479 545 3544 haec
557 3479 600 3544 ad
625 3473 812 3544 beneficium
826 3476 884 3541 dec
947 3473 1058 3540 ationis
1072 3472 1193 3552 referri,

144 3589 211 3653 quo
225 3565 275 3630 usi
290 3577 364 3630 sunt
377 3564 567 3654 antiquiores
589 3578 711 3654 poetae,
726 3586 800 3629 cum
822 3586 886 3627 non
906 3561 1116 3627 scriberentur
1128 3579 1195 3623 car·

143 3653 243 3732 mina,
263 3651 319 3716 sed
339 3652 452 3717 auditu
473 3653 539 3718 solo
560 3652 792 3740 acciperentur3
816 3671 889 3713 nam
917 3649 963 3712 ita
1005 3667 1112 3734 noque
1133 3643 1195 3733 syl-

139 3739 236 3804 ·labae
249 3739 359 3802 breves
374 3751 449 3803 tono
462 3739 552 3804 facile
575 3738 707 3827 produci
721 3746 886 3825 poterant3
911 3758 955 3825 qu
1018 3733 1051 3798 in
1064 3734 1127 3798 fine
1140 3753 1196 3796 vo·

144 3848 219 3892 eum
235 3835 312 3888 tono
325 3836 357 3888 ct
370 3847 499 3891 caesura
511 3826 631 3892 factum
652 3837 700 3924 est
710 3822 895 3889 sexcenties.
940 3823 991 3921 At
1002 3819 1082 3886 illud
1096 3818 1192 3884 mira·
1251 3885 1254 3903 ι

138 3905 1195 4099 ,ttnttltltgtltlttthssdhbhhtlttfftltt

139 4085 205 4150 tris
218 4109 250 4184 p.
264 4086 317 4150 81.
364 4087 417 4150 Ita
430 4107 462 4149 m
477 4085 669 4174 ὑπεροπλίῃσνν
683 4089 722 4150 A.
738 4087 814 4150 205.
830 4081 953 4161 ὑποδεξίη
968 4088 992 4144 Ι.
1009 4080 1061 4146 78.
1090 4077 1195 4178 ⁸(lattin-

147 4195 214 4238 sam
227 4184 408 4252 macccutu
428 4171 575 4236 collocat:
599 4194 695 4258 quem
714 4193 755 4235 an
772 4182 879 4234 nostro
897 4189 984 4232 more
1001 4172 1197 4262 constituent

149 4252 324 4342 Homerus,
340 4281 403 4324 nou
417 4281 585 4347 quaeram
601 4281 659 4346 per
672 4258 907 4348 diphthongum
918 4262 1049 4340 potuere
1059 4247 1117 4314 illa
1124 4267 1197 4337 pro

138 4344 299 4426 nuntiari,
316 4357 354 4416 ut
367 4345 427 4414 alia
440 4347 539 4434 hujus
551 4345 689 4500 generiq:
701 4345 775 4418 ,alia
788 4339 1007 4416 emendatione
1016 4336 1118 4404 diluta
1131 4357 1198 4402 esse

631 4455 649 4498 r
