2998 5052
344 385 409 449 alo
703 381 955 448 EXCURSUS
980 381 1008 443 Ι.

342 570 451 622 tarunt
465 553 518 620 alii
532 553 591 618 vin·
604 554 700 636 docti,
715 567 840 644 poetam
854 555 887 619 id
901 553 1011 642 egisse,
1024 566 1061 618 ut
1075 551 1172 618 lector
1185 573 1308 618 carmen
1318 575 1375 617 nia-

344 643 437 708 nibus
451 643 623 730 deponeret
636 642 740 707 animo
754 665 794 706 ex
808 641 939 720 lectione
954 639 1193 706 novissimorum
1207 637 1268 704 levi
1282 637 1376 739 aliquo

343 752 483 795 moerore
498 741 648 794 contacto.
694 731 830 794 Venerat
841 727 876 794 id
889 728 923 794 in
937 727 1079 794 animum
1096 727 1164 814 jam
1353 723 1361 739 '

327 816 497 904 antiquis:
523 814 625 880 Schol.
638 814 753 880 Victor.
767 815 810 878 ad
823 839 868 880 vs.
881 814 945 884 746
960 816 1003 878 ἐτδ
1018 815 1046 878 δὲ
1061 813 1232 900 στενάχοντο
1246 817 1374 898 γυναῖκες.

343 929 373 966 ov
395 929 485 984 μονον,
508 914 623 988 inquit,
647 905 834 987 aripatorium.
860 903 973 966 πλείονα
994 905 1052 987 γὰρ
1074 899 1195 978 ἐκίνησεν
1217 899 1313 963 claros.
1338 898 1374 964 ixl

341 989 468 1075 πλείστῳ
486 989 514 1051 δὲ
536 988 604 1072 ἐλέῳ
625 987 812 1073 καταστρέφει
837 993 886 1066 τὴν
909 987 1028 1052 Ἰλιάδα.
1048 983 1111 1052 δίεν
1134 987 1182 1050 καί
1211 993 1236 1050 οί
1263 986 1376 1072 Ῥἦτοηες

342 1079 369 1138 ἔν
398 1080 453 1150 τοῖς
484 1077 629 1149 δικανικοῖς
654 1075 777 1160 ἔσχατον
801 1074 907 1138 τιθέασι
931 1075 977 1138 τδν
1004 1073 1104 1152 οίκτον,
1129 1075 1165 1146 ὥς
1190 1079 1315 1138 κινοῦντα
1337 1073 1377 1140 τίν

343 1165 382 1224 cia
401 1161 491 1223 car‘ii.

272 1254 280 1271 “
383 1187 521 1333 ἓυίνίίσὶι
535 1246 661 1312 tandein
677 1245 800 1313 leucius
814 1246 903 1312 haec:
921 1253 943 1286 “
953 1245 1149 1334 Neutiquam
1162 1242 1261 1344 igitur
1274 1245 1324 1309 hic
1336 1243 1378 1308 ul-

343 1340 365 1374 “
382 1333 458 1397 tima
472 1355 528 1397 nec
542 1332 661 1422 primis,
679 1356 736 1397 nec
750 1333 871 1412 mediis,
890 1331 1088 1422 respondent
1135 1335 1262 1398 Primus
1278 1331 1379 1398 Iliadis

342 1427 364 1460 “
379 1443 488 1486 versus
505 1426 592 1497 Μῆιιν
606 1419 690 1496 ἄειδε,
706 1422 764 1499 θεοὶ,
778 1421 945 1498 Πηληϊάδεω
959 1422 1108 1506 Ἀχιλῆος,
1120 1432 1185 1483 tam
1199 1418 1308 1508 paucis
1317 1441 1378 1482 vei·-

342 1514 364 1548 “
379 1506 438 1586 bis,
461 1506 483 1570 ii
522 1530 561 1572 ue
584 1506 713 1584 sonoris,
734 1529 792 1570 nec
813 1506 903 1571 facile
924 1505 1020 1571 latine
1040 1505 1209 1586 imitandis,
1232 1527 1379 1570 summam

341 1602 364 1636 “
380 1592 477 1660 totius
484 1532 618 1672 Siliadis,
641 1591 798 1680 magnifici
817 1594 958 1680 profecto
979 1591 1126 1658 vestibuli
1146 1592 1255 1671 instar,
1271 1592 1376 1656 habet:

341 1688 414 1746 “at
434 1693 592 1768 postrema
612 1679 708 1767 hujus
727 1679 831 1766 operis
850 1679 927 1744 nihil
941 1679 1058 1744 habent
1072 1678 1203 1757 illustre,
1219 1677 1299 1743 nihil
1313 1677 1380 1742 emi-

342 1776 365 1808 “
379 1791 477 1842 neiis,
499 1790 572 1832 cuin
588 1779 691 1832 tamen
706 1766 825 1846 deceat,
840 1787 905 1830 non
919 1765 1035 1830 anticas
1049 1765 1154 1842 modo,
1170 1765 1226 1830 sed
1239 1782 1273 1830 et
1286 1764 1378 1854 posti·

340 1863 364 1894 “
379 1878 430 1918 cas
451 1852 553 1952 pulcri
574 1852 681 1940 palatii
702 1864 807 1940 partes
827 1852 943 1917 habere
963 1851 1095 1939 aliquid,
1110 1848 1198 1939 quod
1220 1851 1379 1952 spectatori

340 1940 616 2005 “admirationem
637 1937 722 2003 ultra
742 1938 866 2018 excitet,
881 1939 1012 2026 ejusque
1029 1939 1252 2026 exspectatiom
1268 1939 1380 2004 satisfa-

341 2035 364 2068 “
379 2026 469 2091 ciat.”
513 2028 554 2090 In
574 2026 633 2090 ha'c
652 2049 784 2090 censura
797 2048 905 2090 vereor
921 2039 958 2091 ut
971 2025 1031 2089 viri
1052 2024 1137 2090 docti
1158 2048 1292 2091 acumen
1313 2025 1379 2090 satis

341 2137 373 2178 se
382 2113 510 2264 ppobet,
526 2136 565 2264 erpi
576 2111 759 2262 puraecpppg
772 2111 944 2263 {hafflig}
959 2134 1030 2262 iirpnl
1043 2112 1124 2262 lippe
1139 2112 1379 2263 hucftptanslatis,

395 2222 484 2263 ium.
559 2223 586 2263 ri
619 2222 673 2262 oo
799 2222 886 2265 ,ver
928 2223 968 2264 ru
1030 2222 1049 2262 a
1095 2222 1231 2264 emree
1273 2224 1281 2265 ε
1327 2222 1380 2262 uae

337 2223 381 2352 iiie
386 2285 540 2375 principio
553 2284 697 2351 carminis
710 2284 876 2372 magnifica
889 2285 961 2364 sint,
977 2308 1041 2348 non
1055 2308 1154 2372 aeque
1167 2285 1201 2350 in
1215 2223 1377 2358 extrarium

339 2373 428 2461 atqui
450 2373 545 2438 verba
566 2396 584 2437 a
606 2372 700 2438 rebus
722 2384 754 2436 et
776 2371 935 2436 sententiis
955 2372 1106 2460 pendent,
1128 2385 1168 2448 etv
1180 2395 1246 2436 esse
1268 2373 1379 2438 dehent

340 2460 434 2525 modo
453 2459 590 2548 propria,
607 2459 724 2539 tenuia,
740 2459 834 2522 modo
854 2457 967 2539 media,
982 2470 1103 2537 ornata,
1118 2458 1275 2540 sublimia,
1290 2469 1387 2548 prout‘

337 2547 406 2634 ipsa
430 2569 479 2609 res
504 2545 661 2632 postulat3
690 2558 812 2610 servato
837 2545 932 2610 modo
957 2544 1101 2610 carminis
1126 2545 1246 2621 colore;
1271 2546 1380 2612 deinde

339 2633 436 2696 verba
454 2631 552 2719 primi'
566 2655 674 2696 versus
695 2631 771 2697 nihil
791 2632 909 2696 habent
927 2655 960 2696 m
1023 2631 1096 2710 ifici,
1112 2631 1170 2696 nisi
1187 2631 1221 2696 in
1236 2632 1304 2699 solo
1318 2655 1381 2700 ver-

338 2719 452 2783 borum
474 2740 569 2793 sono;
593 2741 656 2792 non
677 2731 784 2783 autem
805 2717 911 2782 omnia
933 2653 1043 2784 «ἔξω
1065 2717 1159 2784 modo
1181 2741 1292 2784 sonare
1314 2743 1382 2808 pos·

339 2818 431 2880 sunt;
448 2827 543 2893 porro
557 2804 635 2870 falsa
648 2804 825 2894 praeceptio
839 2816 897 2883 est,
912 2817 1052 2868 extrema
1066 2805 1209 2870 camiinis
1223 2807 1331 2886 verba,
1346 2821 1381 2874 ut

337 2891 372 2956 in
396 2891 630 2980 epigrammate,
653 2890 796 2956 aculeum
821 2890 936 2956 debere
957 2891 990 2956 iii
1012 2889 1116 2956 animo
1137 2891 1268 2978 legentis
1293 2892 1380 2958 relin-

337 3002 453 3066 quere;
479 2978 605 3044 tandem
627 2977 741 3048 falsum
763 2988 821 3056 est,
836 2977 970 3066 posticas
991 2977 1122 3042 aedificii
1143 2991 1248 3066 partes
1269 2979 1380 3046 debere

336 3065 573 3138 admirationem
598 3088 661 3132 non
685 3064 849 3142 minorem,
872 3087 969 3150 quain
997 3064 1144 3152 exprimit
1168 3064 1272 3130 antica
1297 3089 1378 3154 pars,

338 3175 481 3227 movere;
506 3151 693 3241 respondere
714 3174 752 3214 ea
772 3150 866 3216 debet
887 3149 986 3230 alteri,
1002 3173 1059 3218 nee
1077 3174 1145 3216 eam
1165 3150 1378 3231 dehonestare,

336 3263 400 3306 non
422 3263 437 3303 s
460 3238 586 3304 lendore
608 3261 644 3302 ac
665 3236 895 3337 magnificentia
915 3257 1060 3326 aequare,
1078 3237 1180 3303 multo
1200 3237 1306 3305 minus
1326 3263 1379 3306 au-

335 3349 410 3440 gere
426 3263 523 3422 diltro
536 3325 679 3424 excitare,
695 3336 740 3424 ait
755 3323 903 3411 Iensius.)
935 3409 964 3423 ..
1131 3393 1135 3400 ,
1202 3413 1208 3428 Ι
1260 3413 1266 3426 1
1289 3413 1296 3427 ,

351 3485 353 3492 η
380 3415 432 3477 Ex
456 3410 506 3475 his
527 3434 546 3476 a
567 3435 618 3476 ine
639 3410 730 3480 dictis
751 3421 867 3477 statuet
889 3410 1022 3499 quilibet
1043 3435 1102 3499 pro
1123 3435 1180 3478 suo
1196 3414 1320 3500 judicio
1341 3413 1378 3478 de

338 3497 484 3565 Iensiana
497 3497 749 3585 reprehensione3
765 3497 849 3563 intra
859 3519 955 3584 quam
969 3496 1021 3568 illa
1036 3498 1187 3575 substitit;
1204 3499 1283 3564 nihil
1297 3500 1378 3565 enim

336 3586 376 3650 de
402 3599 469 3653 tota
495 3584 664 3672 rhapsodia
713 3583 915 3664 ronuntiavit,
942 3582 1021 3649 sitne
1046 3609 1105 3673 pro
1133 3586 1304 3652 adventitia
1326 3587 1379 3654 ha-

335 3673 457 3746 benda;
481 3695 584 3758 neque
605 3671 672 3758 ipse
690 3609 852 3738 dubitasse
866 3669 1002 3750 videtur,
1015 3672 1153 3739 eundem
1174 3693 1247 3738 cum
1268 3673 1378 3740 ceteris

335 3757 479 3826 carminis
492 3758 635 3844 partibus
649 3758 847 3845 rhapsodiam
860 3758 942 3822 hanc
956 3772 1114 3824 auctorem
1128 3759 1292 3835 habuisse3
1313 3761 1378 3826 lan-

334 3845 510 3934 guidiorem
525 3857 649 3909 tantum
664 3858 835 3911 extremam
849 3856 971 3996 ἵλεον
992 3844 1137 3911 carminis
1156 3869 1223 3912 esse
1266 3847 1377 3911 utavit

336 3935 450 3999 Dawes
465 3930 597 3998 Miscell.
613 3931 681 3997 crit.
697 3955 727 4019 p.
741 3933 805 3996 153
824 3930 856 3995 la
896 3953 969 3995 rans
983 3931 1016 3996 in
1031 3955 1075 3996 vs.
1089 3934 1161 4004 449.
1177 3939 1377 4011 κλισιηι-τὴν

335 4018 505 4103 Μυρμιδόνες
526 4017 643 4095 ποίησαν
665 4016 777 4096 οίνακτι,
798 4040 870 4082 cuin
893 4017 1052 4105 digamma
1065 4019 1224 4105 quomodo
1236 4019 1315 4084 bene
1330 4043 1379 4084 re·

335 4107 487 4185 stitueret,
508 4127 571 4170 non
591 4105 731 4183 haberet,
747 4103 930 4191 pronuntiat
945 4111 967 4144 “
982 4128 1144 4172 occurrere
1164 4105 1198 4170 in
1218 4105 1278 4171 hoc
1296 4104 1378 4171 libro

335 4201 357 4234 “
373 4193 484 4271 multa,
499 4191 636 4279 quorum
656 4189 767 4258 simiha
781 4212 942 4289 'nusquam
965 4190 1039 4256 alibi
1058 4191 1213 4279 legantur,
1229 4206 1267 4258 ut
1279 4192 1378 4258 conti·

335 4288 358 4320 “
373 4303 445 4344 nere
460 4303 492 4343 se
506 4291 652 4365 nequeat,
668 4301 733 4365 quo
746 4297 851 4341 minus
865 4300 897 4341 in
912 4289 1054 4342 veterum
1075 4278 1257 4360 sententiam
1271 4301 1378 4344 conce·

335 4373 357 4407 “
373 4366 438 4444 dat,
454 4364 509 4452 qui
532 4377 633 4432 totum
655 4365 740 4432 hunc
761 4363 877 4432 librum
900 4365 1043 4446 Homero
1064 4365 1301 4452 abjudicarunt”
1318 4363 1387 4452 qui,
