2998 5052
489 365 798 441 normanno.
1101 319 1172 440 ¹aar

120 536 289 620 eminebat,
320 552 357 604 ut
386 560 471 604 nunc
500 539 592 604 simili
622 563 709 606 more
732 538 867 604 Achillis
894 539 1065 627 inpugna
1093 562 1165 606 cum

118 626 273 705 Hectore,
295 649 378 713 quae
400 625 500 714 ipsam
521 627 732 693 Achilleidem
754 627 942 693 constituere
963 627 1078 714 potuit,
1100 625 1168 694 elu-

117 726 283 777 cesceret..
312 757 314 764 >
835 759 838 768 .
1083 753 1086 762 .
1137 757 1140 766 Δ

130 847 136 857 .
160 801 256 864 Certe
277 823 359 864 nova
376 822 495 887 pagato,
511 823 611 890 eaque
626 813 735 888 qttorta
749 815 782 868 et
797 801 908 868 dtima
928 801 1071 888 procedit
1091 801 1165 867 inde

116 885 157 950 ab
174 885 213 950 Il.
227 892 264 949 r.
279 886 320 950 de
334 910 399 974 qua
412 887 452 951 ef.
468 889 649 953 Excursum
664 889 706 953 ad
719 913 746 953 e.
761 888 818 954 lib.
831 888 865 952 in
879 911 944 975 qua
967 887 1068 952 multa
1085 911 1168 954 nova

114 995 152 1036 ao
171 973 347 1060 peregrina,
368 995 461 1038 nemo
477 973 615 1062 nonqui
635 974 678 1039 ad
695 999 819 1040 emman
837 974 1006 1064 legendum
1028 975 1165 1056 accessit,

115 1059 283 1124 observare
298 1060 427 1134 debuit;
451 1061 585 1126 maxime
600 1084 765 1142 concursu,
781 1085 918 1149 moxque
932 1061 1079 1128 conflictu
1094 1062 1167 1127 deo-

115 1169 189 1210 rum
210 1146 305 1227 facto,
326 1146 462 1212 inductis
483 1147 576 1212 etiam
596 1147 666 1228 diis,
683 1149 739 1237 qui
753 1148 966 1236 superioribus
978 1148 1167 1214 carminibus

115 1255 224 1296 rerum
236 1234 450 1320 Trojanarum
465 1247 497 1298 et
508 1235 704 1300 Achivarum
719 1259 827 1300 curam
841 1235 960 1300 nullam
974 1235 1163 1312 habuerant;

115 1319 275 1470 singulare
297 1343 421 1385 carmen
443 1344 553 1409 pugna
572 1322 655 1388 inter
669 1329 813 1388 Aeneam
828 1334 860 1386 et
874 1321 1032 1386 Achillem
1051 1322 1167 1387 eminet

115 1406 150 1470 in
182 1413 224 1471 vtac
241 1421 350 1493 parte;
374 1430 484 1505 pugna
498 1408 632 1474 Achillis
647 1409 868 1498 παραποτάμιος,
884 1408 926 1473 ad
944 1408 1077 1473 fluvium
1094 1411 1166 1474 Sca·

114 1493 296 1574 mandrum,
320 1517 393 1559 norr
416 1495 543 1560 omnino
564 1495 686 1594 generis
708 1508 755 1560 est
776 1518 912 1575 carmen,
928 1507 966 1560 ut
985 1519 1042 1560 nec
1061 1495 1166 1560 minus

140 1603 227 1668 ugna
240 1581 383 1661 deorum,
398 1605 479 1669 quae
493 1583 659 1647 mamfesta
671 1582 767 1648 habet
781 1581 914 1670 vestigia
926 1581 1018 1647 alieni
1031 1594 1119 1647 ortus
1134 1597 1166 1647 et

113 1604 233 1732 diversi
257 1667 392 1754 ingenii:
424 1690 540 1757 magna
568 1682 642 1734 sunt
670 1669 899 1758 phantasmata,
927 1669 982 1734 sed
1007 1668 1165 1756 judicium

113 1768 230 1906 poetae
245 1777 358 1842 parum
373 1778 534 1832 severum;
559 1779 616 1821 neo
631 1779 702 1822 cum
718 1756 853 1820 carmine
870 1754 993 1844 reliquo
1008 1754 1106 1820 Iliaco
1119 1756 1165 1820 fa

138 1841 194 1906 ula
207 1855 255 1906 est
268 1865 326 1906 con
349 1841 490 1907 lutinata.
536 1844 594 1908 Ad
611 1843 800 1908 Patrocliam
821 1842 937 1907 iterum
959 1842 1096 1907 reditum
1118 1856 1165 1908 est

115 1929 151 1994 in
171 1928 254 1993 libro
273 1928 313 1992 de
326 1866 413 1994 Iudis
432 1929 620 1996 funebribus
633 1936 670 1995 Ψ.
716 1931 768 1995 De
783 1929 822 1995 Il.
839 1934 881 1995 a.
896 1929 975 1994 nihil
989 1940 1060 2018 post
1074 1953 1167 2018 supe-

115 2015 185 2080 rius
199 2015 284 2080 dieta
297 2017 431 2080 Excurs.
449 2017 477 2080 Ι.
493 2017 608 2082 addere
621 2040 702 2106 opus
716 2030 771 2082 est.
923 2077 926 2084 .

125 2121 148 2150 -·
162 2101 301 2168 Omnino
314 2102 389 2167 facit
403 2103 610 2183 mirationem,
625 2104 713 2192 qnod
728 2117 792 2169 tam
809 2104 1003 2170 diversarum
1022 2103 1165 2192 gentium

118 2202 152 2254 et
171 2188 362 2254 ‘familiarum
385 2190 487 2278 mythi
508 2191 729 2256 confluxerunt
742 2191 776 2256 in
791 2214 891 2256 unum
908 2211 1051 2265 carmem
1077 2190 1168 2256 Pelo-

118 2275 280 2364 pidarum,
295 2275 328 2339 in
343 2276 570 2364 Peloponneso,
586 2301 658 2342 cum
674 2278 823 2366 Argivis;
846 2277 980 2343 Achillis
993 2301 1011 2341 e
1026 2276 1122 2342 Peleo
1136 2293 1168 2341 et

117 2362 259 2428 Thetide
280 2362 357 2441 nati,
379 2363 569 2452 omninoque
591 2365 814 2444 Aeacidarum,
837 2365 870 2428 in
893 2363 1076 2437 Thessalia;
1101 2385 1166 2428 una

116 2473 194 2515 cum
212 2449 357 2515 Patroclo
379 2462 410 2514 et
431 2451 706 2538 Myrmidonibus;
732 2449 895 2516 Diomedis
909 2463 941 2514 et
955 2449 1163 2525 Aetolorum

119 2536 285 2602 Idomenei
311 2549 342 2602 et
367 2537 582 2603 Cretensium:
607 2552 639 2602 et
660 2537 703 2602 sic
724 2537 865 2625 reliquam
889 2559 984 2626 porro
1005 2535 1092 2623 quod
1112 2536 1168 2600 he-

118 2647 213 2688 roum
234 2623 363 2689 facta'et
376 2623 486 2689 laudes
499 2625 532 2688 in
551 2625 689 2689 diversas
710 2623 893 2712 rhapsodias
913 2623 1052 2712 digestae
1073 2634 1165 2708 sunt:

117 2714 258 2800 agravata
285 2709 443 2786 Menelai3
472 2711 646 2776 Diomedis.
673 2711 789 2798 Ajaeis.
815 2709 1071 2798 Agamemnonis.
1099 2711 1168 2774 He-

119 2796 224 2862 ctoris
241 2796 387 2862 Patrocli.
403 2797 546 2862 Achillis.
592 2800 765 2863 Inventur‘n
787 2798 898 2885 utique
919 2821 976 2884 per
996 2820 1028 2860 se
1041 2795 1168 2861 utilissi-

117 2905 209 2948 mum
223 2883 264 2947 ad
278 2883 342 2948 vim
357 2884 511 2972 poeticam
524 2885 558 2948 in
573 2885 703 2973 singulis
725 2907 789 2957 non
810 2884 843 2948 in
862 2883 1081 2948 eommunibus
1102 2906 1167 2947 me-

115 2970 277 3038 morandis
305 2972 531 3048 exserendam;
588 2970 822 3058 nandoquidem
850 2983 961 3058 poetae
990 2968 1095 3033 omnia
1123 2969 1165 3034 ad

117 3080 221 3123 unum
236 3070 268 3122 et
282 3057 356 3123 satis
375 3058 540 3124 definitum
560 2997 688 3146 diiquod
709 3070 783 3122 sunt
803 3056 988 3136 revocanda,
1003 3072 1039 3119 ut
1051 3055 1167 3121 habeat

118 3144 296 3234 phantasia,
311 3143 343 3208 in
381 3169 423 3209 uo
437 3145 541 3210 defixa
554 3146 755 3219 immoretur3
779 3143 813 3208 in
825 3141 1023 3231 generalibus
1037 3141 1120 3206 enim
1134 3156 1167 3208 et

118 3231 340 3296 communibus
354 3169 409 3296 iila
422 3232 570 3297 distracta
583 3231 766 3319 languescit.

167 3317 328 3417 Quisquis,
350 3317 428 3382 nihil
449 3332 541 3384 antea
561 3319 620 3384 sibi
640 3339 825 3407 persuasum
846 3317 975 3397 habens,
990 3318 1023 3380 in
1046 3318 1166 3380 Home-

121 3405 205 3470 ricae
226 3404 344 3470 Ihados
364 3404 494 3470 lectione
516 3406 558 3470 ad
579 3429 684 3470 rerum
706 3417 902 3470 narratarum
917 3419 1031 3492 partes,
1047 3425 1169 3468 earum-

121 3516 187 3579 que
201 3488 318 3556 uerium
333 3492 512 3574 attenderit,
527 3493 560 3557 in
574 3517 621 3572 ea,
637 3516 718 3580 quae
731 3491 981 3571 commemoravi,
996 3503 1052 3554 aut
1065 3489 1116 3554 his
1130 3490 1170 3554 si-

122 3578 212 3642 milia
231 3577 385 3660 incidcrit,
408 3603 530 3644 necesse
551 3593 609 3659 est,
631 3581 687 3643 etsi
708 3580 769 3643 hoc
789 3577 907 3642 illudve
928 3577 1017 3641 aliter
1036 3576 1169 3664 quilibet

122 3664 336 3730 constitueret.
375 3665 490 3730 Eidem
505 3664 763 3730 animadversioni
778 3663 933 3744 convenit,
948 3663 1035 3751 quod
1049 3675 1169 3728 veteres

122 3752 263 3816 diversas
291 3752 418 3816 omnino
444 3776 463 3816 a
488 3752 601 3830 nostris
629 3751 810 3841 rhapsodias
834 3750 987 3826 laudant,
1018 3751 1168 3816 traditum

122 3862 220 3928 porro
241 3852 434 3926 acceperant,
452 3840 635 3929 rhapsodias
658 3839 698 3903 ab
717 3837 806 3902 initio
826 3837 967 3924 sparsim,
983 3837 1118 3923 σποράδην
1128 3859 1169 3922 ρο

124 3925 285 4012 sigillatim
300 3924 432 4005 habitas,
448 3949 505 3992 nec
519 3927 578 3991 nisi
593 3925 690 3990 serius
704 3925 736 3990 in
751 3947 865 4012 eorpus
878 3937 999 3992 coactas
1013 3944 1086 3988 esse.
1116 3924 1169 3986 De

125 4013 226 4078 altero
246 4013 306 4076 hoc
371 4025 436 4078 stea
456 4013 699 4088 memorabitur3
722 4035 806 4076 nunc
832 4010 872 4076 de
897 4009 1070 4098 rhapsodiis
1091 4008 1170 4080 anti-

98 4125 100 4132 ’
123 4122 263 4188 quorum
285 4036 471 4179 viddbimus,
495 4099 673 4187 dequibus
696 4099 782 4170 loeus
807 4097 1022 4165 classicus-est
1043 4093 1170 4166 Aeliani

124 4187 164 4252 V.
186 4187 233 4272 H.
259 4186 368 4264 XIII,
391 4189 441 4250 14.
459 4187 528 4270 'alia
552 4186 622 4251 loca
645 4185 732 4284 apud
760 4184 954 4260 Strabonem,
980 4181 1169 4268 Dionysium

127 4267 232 4337 Halic.
249 4269 474 4349 Athehaeum3
499 4271 530 4338 et
547 4274 615 4363 jam
635 4272 711 4339 ohm
724 4270 814 4360 ¹apud
834 4269 1035 4334 Herodotum
1049 4282 1081 4332 et
1095 4266 1170 4344 Pla·

126 4373 248 4434 tonem;
266 4358 326 4424 alia
339 4359 373 4427 in
390 4360 520 4428 Scholiis
530 4358 760 4456 antiquioribus
772 4368 941 4424 occurrunt
954 4355 1069 4446 partim
1083 4355 1172 4424 haud
1202 4403 1207 4412 .
1312 4389 1317 4398 ·

642 4471 657 4512 S
