2998 5052
314 397 378 460 208
681 385 931 454 EXCURSUS
956 384 982 452 1.

314 563 373 643 inf,
385 576 417 628 et
432 562 480 638 ἕως
495 563 599 627 ὄταῦθ’
615 561 733 650 ὥρμαινε
748 565 785 626 Α.
801 562 865 632 193
886 576 918 625 ct
938 557 1049 624 similia
1062 553 1265 646 pronuntiata
1279 556 1314 630 ὥς
1328 565 1363 620 et

313 651 482 725 dedisact'.
529 651 614 714 Cum
630 647 867 736 insequentibus
888 645 1055 724 aetatibus,
1071 647 1281 732 (quocunque
1290 655 1361 706 tan-

311 735 385 800 dem
399 739 557 834 tempore;
582 734 626 800 nil
638 735 772 820 referti)
793 733 965 822 scripturae
984 755 1061 797 usus
1076 733 1311 808 increbesceret,
1326 741 1360 794 et

311 820 538 911 exemplarium
558 820 744 910 scriptorum
764 818 982 886 habendorum
995 818 1138 898 facultas,
1153 818 1256 906 pn'mo
1275 837 1358 893 rara,

312 907 440 976 tandem
453 908 657 996 frequentior,
673 906 868 996 singularum
882 905 991 972 saltem
1005 905 1244 994 rhapsodianrm
1258 909 1354 969 e'sset:

311 995 526 1083 pronuntiatio
545 993 600 1059 illa
623 995 740 1059 Ionum
760 992 943 1081 antiquioris
967 992 1076 1058 aetatis
1094 993 1163 1080 jam
1184 989 1359 1057 admodum

312 1089 380 1148 e'rat
393 1082 579 1157 immutata3
603 1080 766 1168 multoque
789 1081 899 1169 magis,
914 1079 940 1145 si
953 1101 1064 1144 verum
1082 1091 1140 1159 est,
1163 1075 1253 1166 quod
1271 1074 1361 1165 equi-

311 1167 386 1235 dem
401 1169 575 1256 suspicatus
599 1189 680 1245 sum,
695 1166 833 1233 Athenis
846 1167 948 1254 primo
966 1165 1116 1255 perscribi
1131 1164 1270 1230 carmina
1287 1163 1360 1228 Ho-

312 1255 427 1320 merica
447 1279 502 1320 coe
524 1254 593 1334 isse,
616 1253 825 1342 asperioribus
846 1252 928 1318 sonis
946 1253 1047 1318 multa
1067 1251 1188 1317 exarari
1208 1251 1358 1317 debuere.

314 1343 403 1408 Haec
422 1341 447 1406 si
531 1341 670 1422 animum
692 1364 818 1406 revoces
837 1353 870 1406 et
892 1339 1068 1428 expendas:
1092 1338 1146 1404 vix
1168 1337 1241 1402 satis
1262 1337 1358 1426 confi-

312 1428 369 1494 das
419 1427 580 1494 rofessioni
602 1426 651 1492 vel
677 1425 846 1493 doctissimi
873 1426 1018 1506 hominis,
1042 1438 1113 1491 tuto
1135 1448 1192 1490 uos
1213 1437 1246 1490 et
1274 1436 1360 1490 certa

312 1513 375 1580 fide
389 1451 429 1580 de
445 1514 620 1615 Homericis
634 1514 772 1580 numeris
785 1528 817 1579 et
838 1513 994 1601 prosodia,
1010 1513 1050 1579 dc
1063 1512 1133 1601 ejus
1146 1511 1313 1600 scriptione
1327 1524 1359 1610 et

312 1602 576 1690 pronuntiatione,
600 1625 641 1666 ex
665 1613 772 1666 nostra
795 1599 999 1688 grammatica
1019 1612 1155 1666 statuere
1177 1621 1278 1687 posse.
1324 1600 1359 1663 St

310 1707 387 1758 vera
400 1689 491 1754 fateri
509 1688 666 1767 volumus,
685 1686 854 1752 dicendum
874 1700 940 1753 est:
963 1687 1044 1752 bene
1066 1686 1229 1752 nobiscum
1249 1686 1312 1774 agi,
1334 1685 1360 1750 si

312 1774 476 1842 lectionem
497 1774 699 1842 Homericam
720 1774 762 1840 ad
786 1797 839 1839 eos
864 1797 1011 1839 numeros
1032 1785 1064 1838 et
1084 1772 1195 1838 mo'dos
1214 1795 1361 1838 revocare

188 1859 192 1865 ’
312 1885 489 1950 possumus,
504 1863 620 1950 quibus
642 1860 854 1960 Alexandrini
870 1858 1075 1948 grammatici,
1091 1859 1132 1924 ad
1155 1882 1230 1925 suae
1248 1859 1360 1924 aetatis

313 2057 323 2100 ι
425 2061 435 2110 ;
459 2059 516 2100 nos
544 2035 659 2100 habere
680 2034 825 2123 exempla
882 2035 1088 2100 omericorum
1116 2033 1290 2098 carminum
1319 2057 1359 2098 ex

312 2057 414 2188 ΕΘΗ
388 2122 664 2210 grammaticorum
679 2121 842 2200 seriorum,
858 2121 914 2208 qui
928 2145 946 2185 e
959 2119 1359 2208 recensionibusgramma-

313 2207 446 2275 ticorum
461 2207 762 2288 Alexandrinorum,
778 2206 895 2272 dilectu
908 2207 1003 2287 facto,
1018 2207 1182 2272 lectionem
1195 2206 1360 2272 concinna·

312 2307 406 2372 ruut;
430 2294 471 2360 de
485 2294 651 2385 scriptione
664 2293 795 2394 antiqua
818 2307 850 2359 et
872 2294 1019 2382 prosodia
1039 2295 1127 2378 (nam
1145 2292 1186 2358 de
1203 2293 1253 2358 his
1274 2317 1359 2360 nunc

313 2381 437 2469 agitur;
460 2382 501 2448 de
515 2381 591 2472 ipsis
604 2381 763 2448 sententiis
776 2394 809 2446 et
831 2380 974 2468 partibus
987 2380 1131 2446 carminis
1144 2379 1205 2444 alia
1217 2381 1361 2480 quaestio

313 2471 375 2554 est)
394 2467 487 2535 licere
509 2470 682 2559 conjectare
707 2467 825 2542 multa;
849 2466 941 2532 licere
965 2466 1026 2532 alia
1042 2491 1061 2532 e
1078 2467 1169 2532 certis
1186 2467 1360 2535 rauouibus

313 1971 418 2048 usum
440 1972 508 2016 eam
532 1947 766 2028 constituerant,
791 1947 976 2098 antilquioris
999 1947 1126 2012 Ionicae
1150 1945 1278 2012 rationis
1298 1947 1359 2035 ipsi

308 2555 383 2642 jure
399 2555 574 2706 tucritqqne
594 2569 718 2621 mutare
731 2570 764 2621 et
782 2553 964 2630 restituere;
986 2553 1122 2643 priscam
1140 2567 1247 2619 autem
1266 2556 1361 2622 ratic-

313 2662 395 2705 ηοω.
410 2651 483 2706 aute
536 2643 726 2708 masmanna
744 2641 964 2728 grammaticos
984 2641 1148 2706 restituere
1169 2663 1227 2706 nos
1255 2665 1357 2730 posse,

312 2726 433 2792 frustra
445 2727 558 2814 ediquis
572 2725 630 2792 sibi
643 2727 852 2815 persuaserim
875 2750 939 2792 non
954 2726 1177 2815 antiquiorum,
1187 2725 1243 2792 sed
1256 2751 1361 2816 gram-

234 2819 237 2825 ’
313 2811 499 2882 munorum
512 2825 688 2879 commenta
705 2837 762 2878 nos
779 2826 811 2879 et
833 2812 994 2902 opiniones
1007 2813 1169 2878 venditare
1186 2813 1360 2881 tenendum

313 2910 371 2978 est,
386 2899 515 2987 quando
525 2900 567 2966 ad
574 2923 684 2966 corum
698 2899 860 2965 enuntiata
866 2923 1073 2989 provocamus
1083 2925 1093 2976 ;
1116 2924 1147 2964 v.
1159 2923 1185 2965 c.
1201 2900 1227 2965 si
1237 2901 1361 2991 Dysco-

312 2985 364 3051 lus
376 2986 576 3074 pronuntiat:
601 2985 672 3076 ἐγὼν
687 2987 800 3066 Dores,
816 2989 864 3054 aa}
880 2992 893 3050 ὅ
907 2991 1017 3065 ποιητὴς
1028 2994 1154 3072 συνεχῶς
1167 2989 1212 3051 διὰ
1220 2995 1270 3054 τοῦ
1286 3015 1300 3053 ν
1315 2987 1360 3070 o'rs

314 3079 412 3154 φωνῆεν
431 3073 590 3160 errabam.
613 3097 716 3161 neque
733 3073 804 3139 idco
821 3071 895 3160 plus
916 3072 954 3138 iis
970 3073 1067 3139 tribui
1083 3095 1185 3160 posse,
1226 3097 1303 3139 uam
1321 3089 1360 3141 ut

313 3157 387 3223 inde
408 3173 568 3248 appareat,
584 3159 664 3247 quid
683 3160 694 3223 i
733 3159 739 3172 '
764 3159 938 3226 statuerint.
987 3162 1099 3248 Atque
1119 3159 1179 3225 hoc
1199 3098 1281 3226 ihud
1302 3175 1360 3242 est,

313 3243 401 3396 qqod
415 3268 472 3312 nos
490 3258 591 3312 atoto
605 3246 667 3312 hoc
706 3245 933 3334 isputationum
1096 3245 1228 3311 ticarum
1245 3271 1360 3336 genere

344 3330 429 3396 ‘enos
442 3331 557 3412 reddit,
572 3354 656 3412 cum,
671 3332 791 3398 etiamsi
805 3354 844 3397 ex
858 3330 896 3397 iis
910 3337 969 3420 pro
1008 3332 1083 3400 bilia
1092 3332 1174 3398 forte
1183 3347 1357 3416 teneamus,

314 3431 419 3484 tamen
439 3417 481 3482 de
501 3441 562 3484 usu
583 3417 663 3506 ipso,
678 3419 735 3506 qui
755 3441 775 3483 a
795 3417 915 3484 ratione
934 3441 1025 3507 saepe
1042 3419 1168 3499 recedit,
1188 3419 1268 3486 nibil
1289 3435 1360 3488 tuto

312 3513 449 3569 statuere
462 3503 627 3592 possimus,
642 3505 917 3593 grammaticorum
934 3517 1040 3570 autem
1054 3505 1148 3571 effata
1161 3506 1187 3572 si
1200 3507 1361 3595 amplecti-

314 3611 397 3669 mur,
412 3599 469 3655 no's
483 3590 612 3679 quidem
626 3604 768 3657 auctores
780 3591 907 3672 habere,
922 3615 1002 3679 quos
1021 3615 1199 3680 sequamur,
1215 3607 1360 3660 auctores

314 3688 419 3746 tamen
438 3676 494 3764 qui
508 3688 632 3743 tantum
650 3677 831 3765 opinantur,
845 3700 909 3742 non
930 3685 1026 3743 usum
1043 3679 1168 3758 docent,
1183 3679 1288 3746 multo
1303 3681 1361 3746 mi-

313 3785 374 3827 nus
387 3761 596 3850 antiquiorem
610 3786 650 3828 ex
663 3787 701 3828 ea
714 3775 826 3843 aetate,
862 3788 905 3828 ua
918 3763 1084 3852 scriptores
1097 3765 1210 3830 vixisse
1223 3780 1358 3850 constat,

312 3848 354 3916 de
366 3871 512 3948 »quorum
532 3848 663 3916 lectione
684 3849 798 3937 agitur.
873 3873 930 3915 ene
951 3850 1114 3918 nobiscum
1135 3851 1251 3940 agitur,
1270 3855 1360 3942 quod

370 3947 457 4001 vro‘ra
470 3948 502 4001 et
525 3935 604 4001 scitu
619 3935 772 4024 digniora,
787 3959 869 4024 quae
890 3959 930 4015 ex
948 3937 1152 4024 scriptoribus
1170 3937 1290 4005 utiliter
1303 3941 1360 4006 ad·

337 4021 390 4088 'sci
403 4035 546 4110 possunt,
561 4021 627 4088 istis
641 4022 726 4088 tricis
739 4022 840 4088 missis
852 4023 943 4089 fectis
956 4024 1079 4111 assequi
1092 4022 1172 4090 licet.

357 4111 442 4176 Cum
456 4107 671 4197 antiquissima
685 4108 839 4196 scriptura
856 4131 1064 4176 consonarum
1077 4109 1254 4176 litterarum
1268 4128 1359 4200 parte

312 4207 442 4274 careret,
457 4206 489 4260 et
502 4193 626 4260 nullum
641 4195 803 4283 signorum
816 4195 982 4261 discrimen
992 4195 1122 4262 haberet
1134 4196 1217 4262 inter
1231 4224 1245 4261 ε
1258 4212 1292 4263 et
1306 4225 1357 4278 qo

313 4293 346 4366 et
359 4310 392 4360 a,
408 4305 543 4369 cumque
562 4279 656 4346 etiam
675 4281 865 4432 diphthongi
876 4305 944 4349 una
958 4295 1081 4350 tantum
1096 4283 1195 4350 vocali
1215 4291 1358 4352 notaren-

188 4409 191 4414 *
315 4382 379 4446 tur,
395 4381 432 4432 ut
452 4395 474 4432 u
488 4383 520 4432 et
535 4395 560 4446 qt
574 4389 654 4455 pere
668 4391 707 4433 ve
731 4397 751 4432 s.
768 4393 808 4434 ου.
825 4395 859 4434 οι.
874 4395 904 4434 ω.
920 4391 978 4456 per
992 4397 1015 4434 o.
1032 4392 1095 4450 eos,
1111 4370 1166 4458 qui
1184 4369 1279 4457 primi
1293 4393 1356 4436 car·
