3008 5056
501 293 852 404 'mmmm
1182 344 1228 410 m

175 511 335 572 moentem
349 508 598 596 protenderetur.
644 507 778 598 Trojani
796 517 1014 598 pernoctantes
1028 507 1226 578 Achivorum

174 589 347 658 discessum
360 593 611 682 speculabantur.
1211 607 1218 615 '

220 679 397 767 Insequuta
416 694 465 750 ¹est
485 705 560 762 nox,
585 682 643 766 (ΙΙ.
658 686 684 745 Ι.
701 684 756 768 Κ.)
780 705 846 770 qua
865 679 980 769 legatio
1001 679 1042 746 ad
1064 681 1224 748 Achillem

173 761 258 830 facta
280 780 327 831 est
348 768 606 856 speculatumque
627 767 712 832 missi
731 767 863 858 Ulysses
884 781 916 832 et
936 765 1106 832 Diomedes
1125 767 1224 834 Dolo-

149 871 152 876 ·
172 871 247 914 nem
261 864 294 917 et
308 854 453 922 Rhesum
467 855 658 922 occiderunt.
703 854 786 919 Inde
803 854 854 919 die
871 869 941 919 orto
955 853 1083 933 Achivi,
1098 853 1221 921 hostem

170 940 435 1006 antevertendum
449 965 514 1006 esse
527 941 598 1021 rati,
613 941 646 1006 in
664 964 709 1028 pu
826 953 954 1019 exeunt,
974 939 1118 1006 curribus
1138 941 1223 1008 intra

169 1022 289 1090 fossam
302 1025 435 1102 relicum
457 1028 503 1093 -ΙΙ,
517 1034 557 1093 Λ.
574 1032 624 1094 ta.
669 1029 698 1092 Ρ
739 1040 838 1092 u'ntur
853 1026 985 1116 Trojani
1004 1026 1221 1118 fuganturque

169 1131 228 1196 per
242 1111 389 1178 medium
410 1137 558 1202 campum
578 1113 783 1202 praetervecti
805 1138 845 1179 ue
864 1112 906 1179 Ili
924 1113 1101 1202 sepulcrum
1120 1127 1152 1179 et
1170 1140 1220 1182 ca-

170 1195 329 1284 prificum,
354 1213 428 1266 ante
456 1215 563 1289 portas
589 1203 700 1268 Scaeas
726 1201 759 1285 (1
850 1202 929 1287 171)
953 1200 1126 1278 consistunt
1154 1203 1220 1268 airi-

168 1305 301 1372 mosque
326 1288 522 1368 confirmant,
548 1288 626 1352 dum
650 1287 807 1375 fugientes
831 1287 1018 1387 insequutus
1041 1300 1108 1352 erat
1129 1291 1219 1378 Aga

167 1389 718 1549 ttttttttttt‘ttuffi
728 1375 1217 1558 llfltatffhsslsslnpleglffi

168 1540 247 1606 dum
262 1545 416 1610 concitare
430 1560 603 1612 contentus.
628 1547 741 1612 Multis
751 1547 877 1612 virtutis
892 1572 906 1611 s
964 1546 1112 1610 imrmbus
1123 1547 1215 1612 editi's

165 1631 392 1727 ¹Agamemnon
405 1632 534 1698 vulnere
551 1646 679 1722 accepto
697 1656 807 1720 pugna
825 1571 966 1708 excediii
990 1655 1075 1696 nunc
1091 1635 1213 1698 Hector

165 1727 282 1780 rtemm
296 1717 378 1783 inter
391 1721 576 1806 promachos
589 1733 722 1808 pugnat,
738 1723 803 1784 284
818 1743 864 1806 sq.

209 1804 327 1890 Pugna
348 1828 429 1894 quae
451 1830 534 1872 nunc
556 1807 603 1886 fit,
626 1821 658 1878 et
678 1805 769 1884 acies,
789 1806 841 1872 vix
863 1804 977 1870 diserte
999 1804 1073 1870 satis
1094 1806 1209 1894 exponi

164 1900 286 1974 potest:
311 1905 375 1956 tam
396 1893 587 1958 variaenim
609 1891 753 1958 etmulti
776 1891 838 1972 lex,
865 1904 897 1956 et
921 1890 1052 1956 diversis
1075 1891 1149 1956 locis
1174 1915 1212 1958 ea

82 2016 89 2028 ·
164 1976 329 2041 commissa
342 1992 400 2059 est,
415 1991 463 2058 ut,
480 1979 506 2044 si
520 1979 678 2067 scriptoris
695 1916 790 2043 modo
804 2003 839 2044 ac
854 2001 940 2044 more
954 1990 1141 2065 exponatur,
1156 2003 1212 2067 pa·

163 2083 236 2126 rum
265 2063 339 2128 fidei
367 2077 399 2130 et
430 2065 639 2153 jucunditatis
667 2065 804 2131 narratio
833 2066 873 2130 sit
898 2065 1054 2130 habitura
1104 2067 1211 2132 Locus

162 2171 291 2236 pugnae
308 2151 412 2238 priore
433 2151 496 2216 diei
517 2166 607 2242 parte
627 2152 690 2217 fuit
710 2152 743 2216 in
760 2153 881 2241 Campo
904 2151 1123 2226 Scamandrio;
1147 2153 1211 2217 for-

163 2246 241 2311 tuna
257 2239 412 2324 usquead
427 2239 566 2304 medium
580 2239 664 2303 diem
683 2240 715 2304 in
737 2250 880 2303 neutram
901 2250 1023 2324 partem
1044 2236 1209 2305 inclinata:

159 2319 302 2389 67-85.
328 2325 415 2408 Tum
426 2348 501 2390 vero
515 2333 727 2414 perrumpunt
740 2325 857 2389 Achivi
869 2325 1082 2411 Trojanorum
1096 2323 1207 2390 aciem:

160 2407 354 2475 elucescente
375 2424 447 2476 ante
468 2436 576 2478 omnes
590 2412 838 2499 Agamemnonis
851 2411 979 2489 virtute,
995 2410 1051 2496 qui
1070 2423 1143 2474 ante
1159 2434 1210 2475 or·
1268 2485 1271 2492 ἱ

158 2493 251 2563 dines
275 2497 478 2584 prosiluerat:
503 2499 666 2570 86-149.
710 2495 824 2562 Effusa
843 2498 922 2584 fuga
943 2495 1075 2584 Trojani
1096 2497 1208 2562 urbem

155 2593 285 2668 petunt,
315 2585 536 2672 praetergressi
566 2585 607 2650 Ili
641 2583 799 2650 tumulum
828 2596 860 2648 et
888 2605 997 2647 versus
1025 2580 1207 2670 caprificum

156 2668 264 2734 medio
277 2693 389 2759 campo
403 2673 566 2738 tendentes
580 2670 653 2738 166.
671 2674 700 2742 7.
717 2675 746 2737 8.
770 2682 842 2736 ante
856 2670 968 2735 urbem
984 2669 1063 2752 (170
1077 2671 1145 2734 ἀλλ’
1161 2669 1206 2736 ὅτι

159 2756 188 2832 δὴ
201 2756 314 2832 Σκαιάς
329 2785 360 2822 τε
374 2758 465 2834 πόλις
476 2759 524 2822 καὶ
541 2758 627 2842 φηγδν
639 2759 744 2844 ἵκοντο)
756 2758 928 2824 consistunt
943 2780 979 2822 ac
993 2779 1025 2820 se
1039 2753 1203 2842 recipiunt.

158 2840 333 2908 Ordinibus
358 2867 433 2908 mox
458 2844 609 2910 restitutis
633 2844 674 2909 ab
698 2846 837 2908 Hectore
862 2865 972 2942 pugna
993 2841 1203 2907 instauratur:

156 2929 221 2993 210
273 2953 304 3016 q.
327 2929 483 2995 eminente
503 2931 675 2996 etiamnum
692 2933 726 2994 A
748 2952 939 2994 amemnoms
958 2929 1085 3006 virtute,
1105 2927 1205 2994 donec

155 3011 208 3077 ille
222 2952 352 3112 viilnere
366 3028 494 3103 accepto
508 3042 525 3082 e
539 3040 649 3105 pugna
663 2954 849 3081 subducitur
858 3017 983 3112 :4282
1024 3015 1119 3078 Nunc
1134 3015 1203 3078 He-

155 3112 224 3164 ctor
237 3114 352 3166 iterum
390 3104 534 3183 rocurrit,
550 3117 582 3168 et
596 3102 737 3168 Achivos
751 3102 894 3167 recedere
909 3112 1000 3188 cog1t.
1033 3100 1202 3188 Pugnatur

154 3185 230 3251 inde
244 3187 326 3252 circa
341 3125 389 3254 Ili
397 3189 593 3277 sepulcrum3
617 3213 690 3254 nam
705 3212 745 3252 ex
759 3212 797 3254 eo
810 3187 879 3254 loco
893 3187 983 3252 Paris
998 3185 1111 3274 sagitta
1125 3185 1203 3251 Dio-

154 3274 280 3338 medem
294 3275 455 3340 vulnerat:
477 3275 541 3346 369
556 3301 601 3364 sq.
621 3299 686 3362 quo
700 3299 810 3363 pugna
822 3275 972 3340 excedere
986 3285 1092 3338 coacto
1107 3271 1204 3361 Ulys-

154 3383 204 3424 ses
226 3359 311 3430 solus
332 3362 457 3427 relictus
478 3362 601 3427 fortiter
623 3385 779 3450 pugnans,
803 3361 918 3426 vulnus
939 3359 1058 3510 etipse
1079 3358 1202 3446 accipit,

154 3469 221 3532 quo
234 3445 421 3513 inclamante
437 3448 602 3513 Menelaus
616 3471 688 3513 cum
703 3448 804 3512 A‘ace
817 3446 961 3526 accurrit,
977 3447 1011 3510 U
1022 3469 1125 3536 yssem
1143 3469 1203 3534 pu-

153 3555 219 3621 gna
232 3533 349 3614 educit,
365 3536 453 3622 Ajax
467 3558 541 3600 vero
557 3535 713 3622 Trojanos
726 3472 819 3622 lirgat
833 3546 864 3598 et
878 3533 952 3598 dissi
994 3535 1144 3603 t:-4t)7.

199 3620 328 3686 Interea
342 3623 474 3701 Hector,
489 3621 545 3708 qui
562 3633 655 3686 antea
669 3621 855 3686 Diomedem
867 3641 940 3684 cum
989 3618 1070 3710 lysse
1090 3618 1201 3684 eodem

151 3729 251 3772 curru
272 3708 431 3772 invectum
453 3731 629 3807 aggressus,
651 3707 742 3772 hasta
762 3707 803 3772 ab
826 3730 864 3771 eo
886 3705 998 3770 emissa
1019 3705 1109 3792 galea
1129 3729 1202 3796 per-

152 3816 255 3873 cussa,
269 3807 436 3860 recesserat
456 3808 487 3859 et
501 3818 534 3859 ru
555 3793 690 3872 mediam
711 3792 921 3881 pugnantium
943 3791 1068 3858 turbam
1090 3816 1123 3858 se
1144 3790 1202 3858 im-
1318 3853 1323 3858 .

151 3877 321 3946 miscuerat
336 3879 550 3967 (ata-360),
566 3880 608 3946 ad
628 3880 748 3945 laevam
767 3890 890 4029 pugrmt
905 3878 1002 3966 juxta
1022 3878 1106 3966 ripas
1129 3879 1201 3944 Sca-

152 3967 277 4031 mandri
294 3969 411 4052 (adm
421 3971 461 4030 ἐπ’
477 3965 769 4056 supercrearetur&
784 3992 828 4041 αις
841 3971 899 4053 πὰρ
912 3970 1046 4047 ποταμοῖο
1061 3963 1200 4048 Σκαμάν-

150 4054 214 4140 δρου
234 4055 323 4138 (498.
344 4055 391 4138 9.)
411 4055 545 4119 Nestore
565 4053 599 4118 in
620 4052 750 4118 adversa
768 4052 797 4116 ei
815 4051 880 4116 acie
901 4063 1003 4118 stante
1024 4072 1096 4116 cum
1120 4047 1203 4114 Ido-.

153 4159 273 4204 meneo.
319 4143 402 4205 Mox
417 4140 627 4206 Machaonem
641 4138 840 4204 vulneratum
855 4140 970 4204 Nestor
987 4136 1021 4199 in
1038 4146 1139 4202 castra
1152 4157 1200 4200 re-

154 4225 357 4293 vehit—520.
380 4227 519 4292 monitus
539 4250 559 4291 a
573 4225 729 4292 Cebrione
750 4228 883 4304 Hector,
906 4223 983 4304 dum
1003 4221 1070 4308 ipse
1091 4216 1124 4286 in
1146 4243 1200 4298 err-

154 4323 253 4378 trema
266 4314 331 4380 acie
345 4311 467 4402 pugnet
482 4314 620 4404 (ἐσχατιῇ
633 4310 764 4462 stappae
779 4314 872 4398 524),
886 4306 990 4396 fugari
1007 4307 1125 4374 interea
1138 4305 1200 4396 alio

644 4419 664 4461 c
