3008 5056
460 335 528 411 AD
551 336 700 406 ILIAD.
723 341 759 408 t.
781 337 855 406 884.
1119 340 1181 410 151

141 523 252 604 corum
265 505 407 572 'sermone
426 507 573 576 dicenda
584 511 651 576 esse
663 508 856 576 intellectum
869 523 959 590 esset,
974 531 1056 598 quae
1070 533 1182 578 conve-

138 612 203 658 ntre
223 592 467 692 videbantucum
488 595 621 662 dialecto
642 594 783 674 Aeolica,
798 596 930 696 Aeolica
949 595 1005 664 illa
1024 597 1181 696 appellate

139 690 220 774 cunt,
235 701 309 748 cum
320 694 454 780 annqua
465 681 654 782 appellanda
665 695 778 783 essent,
793 695 889 771 atque
903 695 948 783 tta
961 682 1100 772 vulgans
1113 683 1181 773 opi-

18 773 19 784 *
136 785 188 828 nto
206 763 374 846 increbuit,
396 782 491 834 ettam
508 768 662 856 'digammi
686 769 809 836 Aeolrci
834 769 964 858 vestigia
984 768 1017 835 in
1039 793 1181 838 sermone

140 849 354 919 Romanorum
369 877 537 942 superesse.
1054 908 1057 916 ,

177 938 290 1037 litque
318 939 399 1005 hanc
426 940 603 1041 opinionem
633 941 759 1030 sequuti
782 955 858 1010 sunt
884 939 1079 1031 grammatici
1107 965 1180 1010 cum

137 1022 242 1090 Latmr
256 1039 328 1090 tum
343 1027 466 1092 Graeci.
512 1025 631 1096 Melius
651 1028 693 1093 de
713 1027 763 1094 bis
779 1041 944 1108 constaret,
960 1027 986 1096 ai
1002 1031 1034 1096 T
1114 1028 1180 1094 nio-

138 1107 183 1174 nis
202 1109 328 1193 libellus
349 1126 496 1193 exstaret,
511 1113 568 1202 qui
588 1114 676 1201 apud
698 1113 829 1183 Suidam
843 1137 911 1182 voc.
925 1121 1033 1203 Τυρανν
1101 1114 1176 1180 acri·

135 1195 229 1282 pmsse
242 1197 361 1264 dicitur
381 1198 497 1266 librum
510 1203 570 1286 erpi
584 1205 633 1278 τῆς
648 1204 806 1283 Ῥωμαϊκῆς
826 1201 984 1280 διαλέκτου,
1001 1198 1042 1266 dtr
1057 1202 1132 1268 teris
1147 1204 1179 1264 ia

136 1286 181 1357 tis
193 1285 370 1363 Ἑλληνικῆς.
385 1285 473 1352 vides
494 1309 568 1352 cum
588 1308 653 1352 non
673 1287 895 1374 pronuntiare:
920 1314 952 1352 rx
971 1314 1019 1364 της
1036 1290 1177 1362 Areum.

137 1366 245 1434 Minus
266 1384 360 1436 caute
381 1371 444 1451 alii,
459 1385 497 1437 nt
518 1371 747 1451 Quintilianus:
771 1375 895 1440 Aeolica
915 1374 1045 1453 ratione,
1063 1371 1178 1460 inquit,

135 1454 182 1520 cai
200 1476 299 1522 reato
320 1468 419 1523 rioster
438 1459 608 1524 sirnillintus
630 1469 686 1540 est,
699 1472 733 1524 et
753 1460 939 1526 Athenaeus
959 1458 1045 1538 X,6
1066 1482 1098 1547 p.
1115 1462 1179 1526 425

19 1623 20 1628 η
137 1540 180 1614 A.
194 1541 304 1607 etalii.

177 1627 209 1692 Si
224 1641 331 1695 temen
345 1642 543 1728 perspectum
558 1643 590 1697 et
603 1631 708 1698 animo
720 1632 820 1698 fixum
834 1630 961 1710 babeas,
976 1629 1104 1696 omnino
1124 1653 1179 1696 an-

137 1712 275 1801 tiquioris
300 1737 450 1782 sermonis
473 1717 590 1782 Graeci
616 1741 688 1797 usu,
714 1741 771 1782 nec
796 1730 919 1784 tantum
946 1716 1096 1795 Aeolum,
1118 1717 1180 1782 fre-

136 1813 323 1886 quentatum
344 1826 409 1868 esse
431 1802 600 1892 digamma,
621 1803 719 1892 idque
740 1803 853 1870 sensim
875 1803 1051 1891 sensimque
1071 1801 1105 1868 in
1125 1802 1180 1868 ds-

137 1888 333 1954 suetudinem
354 1887 481 1958 abiisse:
506 1888 599 1978 longe
619 1889 707 1956 aliud
729 1889 881 1958 'udicium
902 1890 1006 1958 animo
1023 1888 1180 1956 subnasci-

136 1982 195 2039 tur.
239 1975 300 2040 Ab
314 1973 469 2042 Aeolibus
482 1975 572 2055 illud,
589 1989 626 2042 ut
646 1914 754 2064 paullo
774 1989 847 2042 ante
868 1976 946 2057 dixi,
961 1989 1119 2042 servatum
1133 1990 1181 2042 est

137 2062 346 2136 constantiuss
369 2061 515 2149 proximo
528 2062 569 2128 ab
583 2062 621 2128 iis
635 2061 714 2142 loco,
729 2087 750 2128 a
763 2064 922 2138 Doribus3
946 2061 1083 2129 occurrit
1096 2062 1180 2127 enim

135 2146 237 2212 adhuc
258 2147 293 2212 in
315 2147 473 2214 nonnullis
486 2148 616 2214 vocibus
638 2149 809 2216 Marmoris
823 2148 1049 2216 Heracleensis.
1094 2148 1180 2227 Quid

135 2233 265 2300 mirum:
289 2234 317 2300 si
340 2234 405 2300 anti
428 2234 530 2300 uiores
551 2259 679 2388 quoque
694 2237 789 2302 Iones
802 2236 883 2302 illud
901 2236 934 2300 in
955 2234 1064 2301 multis
1080 2258 1182 2302 serva·

136 2325 229 2390 tunt?
252 2320 280 2388 si
301 2320 397 2387 iidem
411 2345 422 2385 r
448 2321 491 2386 ud
506 2345 604 2390 senus
645 2321 842 2388 edidicerunt
861 2335 894 2388 et
910 2321 1128 2409 neglexerunt,
1143 2334 1181 2386 ut

136 2406 200 2494 ejus
221 2430 302 2474 usus
318 2407 386 2494 jam
407 2407 440 2472 iu
460 2409 656 2560 Hippqcrate
672 2409 856 2476 obliteratus
870 2407 932 2474 siti
955 2407 1049 2486 Quod
1065 2408 1090 2472 si
1104 2409 1182 2473 haec

136 2516 272 2560 aterum
292 2517 354 2559 usu
368 2507 400 2560 et
413 2517 500 2560 more
616 2494 796 2574 abhorrent,
810 2493 891 2581 quid
909 2507 974 2560 tam
988 2515 1107 2568 novum
1120 2491 1182 2560 hoc

136 2603 197 2646 csse
218 2580 457 2669 putabimuqsi
478 2580 511 2648 in
532 2583 676 2648 Homero
698 2581 808 2648 lonico
828 2593 860 2647 et
881 2580 1056 2668 antiquiore
1076 2594 1181 2668 poeta,

135 2666 297 2755 digammi,
321 2666 420 2738 cetius
439 2667 594 2755 abrogati,
616 2667 748 2756 vestigia
770 2667 859 2734 haud
921 2691 981 2734 uca
1000 2680 1181 2748 occurrunt,

135 2776 189 2820 nec
213 2769 323 2820 tamen
347 2753 462 2833 omnia,
488 2777 572 2853 quae
596 2753 732 2822 Aeolum
756 2754 861 2830 fiune,
891 2754 1042 2820 eruatur!
1069 2766 1104 2818 nt
1125 2775 1183 2820 nec

136 2837 215 2920 inde,
224 2839 317 2929 quod
330 2840 391 2906 ista
403 2839 536 2927 vestigia
547 2839 699 2929 digamrm
713 2863 786 2908 cum
800 2839 964 2914 Aeolismo
977 2840 1181 2918 conveniunt,

137 2926 281 3016 colligere
302 2925 404 3006 liceat,
427 2926 559 2994 Aeolica
582 2951 621 2994 ea
644 2931 735 2992 esse?
766 2939 824 2993 aut
844 2926 996 2993 Aeolibus
1018 2925 1181 2992 sublecta?

136 3027 189 3078 aut
214 3011 385 3079 Aeolicum
408 3012 503 3078 fuisse
527 3017 676 3102 poetam?
700 3013 823 3090 Verbot
848 3012 1056 3078 Homericum
1078 3011 1183 3078 dicere

158 3113 275 3167 rocstat
299 3099 476 3187 digamum
503 3122 561 3166 uec
586 3099 764 3180 Aeolicum,
790 3122 848 3166 nec
873 3098 1038 3174 lonicumc
1062 3112 1100 3164 ut
1124 3119 1182 3163 nec

137 3121 279 3254 ionicam
293 3185 396 3252 dicere
409 3185 512 3274 placet
525 3185 693 3252 dialectum
708 3186 741 3252 in
756 3188 900 3254 Homero
919 3209 1071 3274 regnam
1094 3207 1183 3274 prae-

138 3284 196 3340 stet
210 3295 387 3340 sermonem
401 3272 525 3360 epicum
539 3270 653 3352 dicere,
668 3285 701 3338 et
716 3273 923 3340 Homericum
931 3285 955 3346 ἓ.

178 3361 332 3430 Ceterum
354 3359 395 3427 de
417 3357 542 3426 rromine
566 3357 600 3424 di
707 3358 714 3372 '
738 3383 854 3448 parum
878 3359 1102 3438 laboraremus,
1123 3357 1184 3424 nisi

138 3443 188 3511 illa
211 3445 386 3535 persuasio,
409 3445 568 3513 Aeolicam
588 3382 771 3526 wisse,
796 3469 861 3514 non
882 3445 977 3512 modo
1003 3444 1185 3511 abduxisset

169 3697 180 3721 ⁸
196 3689 256 3737 Post
271 3687 350 3736 multa
359 3686 386 3735 in
397 3687 472 3736 aliam
486 3693 580 3749 partem
591 3685 641 3736 dis·
681 3691 703 3717 “
714 3694 834 3750 tempore,
841 3701 890 3752 qno
900 3686 996 3736 vixerat
1002 3686 1136 3745 Homerus,
1149 3691 1187 3734 at-

138 3759 231 3813 prun,
248 3753 346 3802 videtur
365 3753 395 3801 ad
412 3753 458 3800 boc
472 3751 554 3814 ipsum
570 3752 641 3801 deve·
680 3755 702 3782 ‘¹
714 3767 761 3815 qne
777 3752 953 3802 consuetudine
969 3757 1105 3814 ροοῑιηιω,
1122 3749 1187 3800 anti·

140 3817 202 3867 nisae
208 3819 318 3882 Bargasa
328 3817 417 3880 patu.
426 3823 451 3868 et
461 3817 643 3929 exvltlpou
683 3817 816 3880 “quitatis
831 3817 924 3867 scilicet
939 3817 1077 3876 custodum,
1092 3816 1186 3865 Home·

141 3882 265 3932 Portarum
285 3899 310 3946 p.
328 3882 383 3932 1⁰7.
415 3881 560 3930 Adscribam
600 3897 641 3930 ur·
683 3885 769 3930 “rum
779 3881 879 3931 Aeolica
892 3883 996 3930 dialecto
1010 3883 1050 3930 ati
1060 3882 1185 3944 potuum

140 3948 210 4008 gatii
222 3949 310 3998 verba:
329 3951 348 3976 “
356 3947 413 3995 dam
423 3961 487 4009 quae
498 3947 563 4010 dicta
574 3953 640 4004 sunt,
682 3949 702 3977 ⁴⁶
715 3947 820 4010 denique
832 3962 862 3996 ex
874 3946 1024 3996 testimoniis
1038 3944 1115 4006 ipsius
1128 3958 1186 4006 poa·

141 4014 161 4040 “
172 4027 200 4062 eo
216 4014 350 4076 pertinent,
364 4020 393 4060 ut
405 4012 546 4070 ostendant,
558 4010 642 4060 Aeoli·
682 4015 703 4041 “
715 4019 820 4070 matum,
831 4027 882 4061 cna
891 4027 948 4061 cum
963 4011 1108 4073 scriptorum
1118 4014 1186 4057 rete-

141 4078 160 4106 “
172 4091 226 4126 eam
246 4078 379 4127 dialectum
399 4091 450 4124 non
468 4077 542 4125 unius
563 4076 644 4139 gentis
684 4079 704 4106 “
716 4092 770 4126 rum
790 4077 945 4133 auctoritate,
960 4087 1048 4126 revera
1064 4089 1095 4121 eu
1104 4073 1189 4136 Μαι

141 4141 645 4206 '‘fidmpropriam,sedantiqnamuni·
684 4145 704 4171 “
716 4157 804 4194 amm,-
827 4150 899 4204 atque
922 4141 982 4188 adeo
1001 4139 1128 4190 Aeolicam
1148 4135 1187 4185 di-

143 4209 162 4236 “
173 4221 255 4258 versae
266 4207 385 4257 Graeciae
396 4205 543 4267 dialectum
556 4206 644 4255 deinde
685 4210 704 4235 “
715 4221 816 4270 gamma
824 4208 855 4258 sb
865 4205 1005 4256 Homericis
1015 4201 1112 4264 scriptis
1122 4201 1188 4252 baud

142 4273 161 4302 ‘⁸
172 4287 202 4321 ex
213 4273 383 4336 progressione
394 4271 494 4334 linguae
501 4271 611 4320 Graecae
620 4279 646 4320 et
686 4275 705 4300 ¹⁸
717 4272 851 4322 alienum.”
885 4269 1004 4322 Tcneuda
1024 4267 1112 4321 saltem
1131 4269 1190 4320 tunt

145 4337 320 4400 “cognatione
348 4336 507 4386 dialectornm
536 4335 588 4398 ejus
616 4351 645 4386 ac
686 4337 775 4400 priora.

722 4403 909 4468 nl.
