2998 5052
328 361 396 434 '266
539 361 794 430 EXCURSUS
817 361 868 428 11.
899 363 1070 429 SECTIO
1095 363 1165 470 1⁴11.

325 537 418 628 quod
438 525 571 602 aliunde
586 547 718 616 constat,
733 533 916 624 rhapsodiffl
937 535 1119 624 singulatim
1132 559 1199 602 esse
1211 535 1371 611 recitatam

239 633 241 640 ’
326 625 388 692 etsi
403 621 470 689 fieri
484 622 599 712 potuit,
615 645 651 687 ac
665 621 786 702 debuit,
801 633 839 686 ut
859 621 966 772 piures
987 622 1170 722 rhapsodias
1189 623 1313 775 cognati
1326 645 1375 687 ar-

325 709 474 802 gumenti
488 711 674 810 jungerent,
695 733 762 798 quo
783 708 852 797 ipso
891 710 1009 774 omines
1027 709 1164 775 incidere
1185 710 1225 774 de
1248 733 1322 774 uere
1341 708 1376 773 in

331 801 465 864 aiterum
486 809 661 875 inventum,
683 808 721 861 ut
744 795 889 884 pluribus
909 795 1085 886 rhapsodiis
1105 797 1187 864 inter
1208 795 1378 884 sejunctis

327 907 445 1038 corpus
459 883 588 971 aliquod
601 883 753 947 conficere
766 895 934 948 tentarent.

404 971 513 1060 uigato
526 970 587 1035 hoc
601 981 633 1034 et
647 968 766 1057 ubique
778 981 905 1058 recepto
926 991 988 1034 usu
1008 975 1058 1032 τοῦ
1079 971 1243 1069 ῥαψῳδῆσαι
1256 969 1376 1034 factum

327 1071 390 1140 est,
406 1071 442 1124 ut
456 1079 520 1122 vox
533 1056 588 1124 iila
601 1055 728 1121 tandem
743 1055 923 1144 simpliciter
940 1055 1090 1144 loquendi
1111 1077 1198 1121 more
1218 1055 1378 1121 communi

330 1147 427 1212 modo
440 1167 510 1234 pro,
526 1143 667 1222 recitare,
681 1142 776 1207 modo
796 1165 866 1230 pro,
881 1165 1002 1222 canere,
1017 1142 1068 1207 vel
1088 1147 1182 1222 ποιεῖν,
1197 1143 1379 1230 frequenta·

331 1246 427 1298 retur.
460 1229 563 1319 Apud
578 1229 757 1296 Lucianum
771 1228 815 1294 sic
829 1243 876 1295 est
889 1228 1042 1317 δὍμηρις
1055 1231 1186 1317 padani.
1212 1231 1288 1294 Jam
1302 1229 1379 1294 olim

332 1317 480 1408 Sophocli
506 1315 585 1382 Oed.
610 1318 651 1380 Τ.
675 1319 748 1387 399.
774 1315 898 1404 Sphinx
920 1316 1005 1381 dicta
1026 1332 1072 1381 cst
1093 1318 1218 1403 ῥαιδῳδδς
1240 1316 1324 1396 κύων,
1348 1328 1380 1381 et

332 1405 446 1494 Eurip.
471 1403 589 1469 Alcest.
608 1405 673 1469 540
694 1406 730 1478 ὥς
752 1405 782 1483 δὴ
803 1402 834 1468 τί
853 1403 960 1490 δράσων
980 1401 1049 1467 τόνδ’
1070 1403 1249 1491 &opprima
1271 1401 1378 1489 λὸγσνς

329 1493 364 1558 h.
377 1515 406 1557 e.
420 1491 607 1572 inofficiantur..
618 1489 720 1574 λέγεις.

374 1578 483 1646 Serius
503 1579 535 1642 τδ
556 1578 690 1665 ῥαψῳδεῖν
711 1575 744 1639 in
765 1587 959 1640 contemtum
980 1574 1084 1640 venit:
1107 1573 1257 1663 quoniam
1275 1598 1327 1640 res
1349 1575 1382 1640 in
1496 1635 1497 1644 ,

331 1679 430 1732 artem
445 1663 667 1728 mercenariam
681 1662 817 1739 abierat3
841 1662 1015 1728 mercedem
1037 1663 1078 1727 ab
1099 1661 1300 1726 audientibus
1316 1663 1383 1728 exi·
1496 1669 1497 1710 ἓ

331 1754 460 1842 gerant,
476 1749 667 1815 assensum
681 1749 833 1815 cucurum
848 1748 978 1814 onam
995 1771 1108 1814 numos
1122 1747 1332 1836 augenda·
1359 1750 1383 1814 a
1496 1719 1497 1804 Ὗ

332 1839 435 1906 ornati
456 1849 542 1922 veste
560 1835 700 1936 pretiosa
720 1848 752 1901 et
773 1858 903 1902 corona:
930 1838 974 1921 (v.
991 1837 1061 1901 Ion.
1081 1859 1113 1924 p.
1129 1838 1216 1919 535.)
1234 1848 1303 1901 tum
1351 1861 1384 1902 o

332 1927 432 1992 mines
452 1923 570 1988 indocti
591 1935 690 1987 artem
709 1923 952 2074 grofitebautur,
967 1922 1055 2012 quii
1093 1945 1149 1988 um
1170 1943 1295 1988 cannen
1316 1945 1384 1988 me-

327 2013 432 2078 moria
446 2021 569 2076 tantum
583 2032 710 2097 compre
732 2031 843 2074 ensum
862 2032 976 2098 parum
996 2009 1062 2075 inte
1085 2009 1092 2023 '
1135 2022 1216 2088 rent,
1232 2022 1264 2074 et
1283 2009 1385 2099 impe

331 2099 406 2165 -ritia
433 2119 506 2163 curn
536 2095 714 2184 arrogantia
741 2095 889 2161 ridendos
918 2119 950 2162 se
976 2096 1079 2162 doctis
1106 2097 1311 2186 praeberent:
1352 2097 1384 2162 id

334 2187 423 2275 quod
442 2207 481 2250 ex
503 2183 579 2248 locis
597 2182 822 2271 Xenophontis
842 2196 876 2248 et
894 2183 1035 2250 Platonis
1053 2195 1196 2260 muctam
1217 2183 1251 2247 in
1271 2185 1384 2249 Xeno

334 2271 462 2363 phontis
487 2269 617 2358 quidem
644 2271 787 2358 Sympos.
815 2268 890 2350 3,6
918 2273 1060 2336 Socrates
1084 2269 1129 2336 ait
1152 2271 1221 2347 ἔθνος
1243 2271 1384 2348 ἠλιθιώτε-

333 2385 379 2448 ριν
397 2361 531 2449 ῥαψῳδῶν
551 2355 639 2422 haud
660 2379 745 2432 esse3
769 2356 912 2422 meliores
932 2356 1128 2446 interpretes,
1147 2380 1168 2422 a
1187 2357 1307 2445 quibus
1325 2357 1384 2423 Ni-

331 2447 463 2513 ceratus
477 2443 640 2510 institutus
659 2443 713 2524 sit,
737 2457 889 2509 manarat
916 2445 1168 2524 Stesimbrotum,
1188 2443 1385 2510 Anaximan-

334 2529 441 2614 drum,
467 2544 499 2598 et
527 2529 603 2597 aiios
631 2530 765 2596 multos:
791 2531 817 2596 si
842 2530 938 2597 modo
961 2532 1022 2598 hoc
1047 2532 1090 2597 ad
1115 2531 1249 2596 Homeri
1276 2531 1384 2597 lectio-
1495 2609 1496 2612 Ἴ

331 2641 408 2686 nem
427 2641 574 2684 revocare
594 2617 675 2682 licet.
699 2619 799 2682 Mem.
825 2619 910 2684 Socr.
927 2620 987 2701 IV,
1010 2622 1042 2700 a,
1059 2621 1112 2685 10.
1145 2617 1257 2684 Fuisse
1278 2631 1384 2684 tamen
1495 2675 1496 2702 ,

335 2707 441 2786 etiam,
467 2704 523 2793 qui
546 2719 612 2803 arte
636 2727 694 2769 sua
710 2705 935 2803 probarentur,
950 2705 1076 2772 credere
1097 2705 1180 2786 licet,
1202 2717 1235 2770 et
1255 2705 1386 2805 colligas
1495 2709 1496 2784 i

331 2793 386 2860 vel
407 2815 446 2858 ex
467 2791 572 2856 verbis
594 2789 789 2856 Platonrsde
805 2791 906 2892 Legg.
925 2795 1024 2882 11,p.
1040 2792 1162 2860 6581).
1178 2793 1235 2858 ubr
1247 2791 1385 2872 dixerat,

333 2880 545 2949 adolescentes
566 2879 700 2968 probare
716 2878 907 2959 comoedus,
921 2880 1081 2969 τραγῳδίαν
1096 2881 1123 2944 δὲ
1139 2881 1174 2944 αἴ
1188 2905 1219 2945 τε
1237 2883 1387 2946 πεπαιδευ-

335 2969 416 3054 μέναι
439 2975 494 3033 τῶν
517 2973 658 3052 γυναικῶν
680 2965 864 3053 praeferunt
876 2965 989 3050 ¹(unde
1015 2990 1138 3033 necesse
1158 2979 1217 3047 est,
1238 2966 1387 3032 mulieres

335 3053 512 3144 tragoedias
533 3055 702 3141 spectasse)
725 3051 846 3141 pergit:
873 3055 1001 3140 ῥαδαδδν
1024 3056 1063 3134 δὲ,
1087 3063 1181 3130 καλῶς
1201 3054 1315 3118 Ἰλιάδα
1337 3055 1385 3119 καὶ
1495 3135 1496 3138 ¹

333 3143 504 3206 Ὀδύσσειαν
517 3140 535 3218 ἦ
548 3167 576 3204 τι
590 3147 646 3204 τῶν
659 3139 820 3204 Ἡσιοδείων
842 3119 1006 3221 διατιθέντα,
1021 3142 1093 3228 τάχ’
1108 3139 1142 3206 ab
1154 3144 1230 3224 ἡμεῖς
1247 3139 1384 3228 σίγίρσν-
1495 3169 1496 3234 ι

335 3231 497 3307 τσςῆδιστα
512 3225 692 3304 ἀκούσαντες,
707 3233 785 3312 νινιᾷν
795 3223 832 3289 ab
847 3231 948 3310 φαῖμεν
959 3228 1106 3312 aaaron.
1148 3226 1249 3292 Video
1343 3228 1350 3240 '

336 3313 478 3382 Platonis
493 3315 605 3378 Ionem
619 3310 665 3376 ita
676 3311 853 3392 memorari,
869 3313 959 3401 quasi
973 3313 1034 3379 hoc
1075 3313 1249 3402 ropositum
1262 3250 1385 3379 Η

334 3399 451 3481 buerit,
477 3410 515 3466 ut
540 3398 712 3486 rhapsodos
738 3398 774 3463 in
797 3412 995 3466 contemtum
1025 3337 1205 3480 adduceret,
1232 3411 1385 3489 tanquam

334 3487 476 3555 omnium
497 3507 605 3551 rerum
625 3484 761 3574 ignaros,
776 3498 817 3550 et
830 3509 922 3552 sonos
939 3499 1062 3556 tantum
1076 3487 1306 3639 rhythmosgue
1319 3506 1385 3553 car-

329 3575 456 3641 minum
471 3573 649 3638 reddentes.
693 3572 790 3652 Quod
809 3573 854 3638 ita
876 3597 908 3639 se
929 3595 993 3640 non
1013 3572 1140 3654 habere,
1153 3572 1221 3662 ipse
1263 3571 1386 3663 ialogus

336 3661 438 3742 docet,
475 3685 519 3726 uo
537 3659 573 3735 id
596 3661 738 3725 Socrates
792 3660 828 3741 't,
843 3671 891 3741 ut,
906 3683 971 3726 non
984 3673 1051 3727 arte
1065 3685 1101 3726 ac
1116 3660 1244 3742 scientia
1256 3661 1386 3752 rhapso-

325 3749 393 3816 dos
407 3748 431 3813 d
595 3747 716 3827 doceat,
801 3747 908 3814 afflatu
922 3747 1028 3836 aliquo
1045 3747 1171 3824 divium
1195 3748 1255 3814 hoc
1267 3763 1327 3828 est,
1343 3749 1385 3814 ad

335 3847 479 3903 nostrum
500 3855 619 3900 morem
641 3833 804 3916 sentiendi,
820 3835 997 3900 vehementi
1010 3834 1106 3900 animi
1119 3847 1209 3900 motu
1224 3849 1256 3901 et
1269 3835 1386 3901 affectu

330 3945 444 3990 earum
458 3941 575 4002 rerum,
590 3943 671 4009 quas
681 3944 810 3987 carmen
829 3933 952 4001 tractat,
968 3922 1070 4011 specie
1083 3936 1116 3988 et
1129 3922 1265 4011 imagine
1278 3923 1385 3988 vivida
1494 3987 1495 3990 ,

335 4008 738 4098 rerumcbjectacorrepti„
763 4011 877 4074 Veram
887 4008 1218 4097 itaquenotionemrr‘rs
1287 4013 1385 4098 φδικῆς
1494 4045 1495 4056 ι

219 4131 221 4136 ·
327 4098 524 4164 ’ωτιεῑὶωετσ
537 4094 672 4161 voluisse
684 4094 786 4160 videri
795 4095 905 4176 debet,
920 4117 984 4161 non
1003 4099 1113 4162 Ionem
1134 4109 1192 4162 aut
1251 4120 1271 4160 a
1350 4120 1385 4161 cs

335 4185 463 4250 omnino
484 4184 518 4249 in
535 4194 732 4250 contemtrmr
754 4183 910 4248 adducere
926 4183 1050 4272 quippe
1071 4183 1139 4273 qui,
1155 4199 1191 4249 ut
1207 4196 1329 4256 actores
1349 4183 1383 4248 in

336 4295 428 4338 scura
446 4269 634 4360 tragoedias,
649 4269 694 4335 ita
707 4269 767 4360 ipsi
775 4275 819 4334 τὰ
835 4269 882 4350 δη
896 4270 1029 4336 recitant
1050 4293 1123 4336 cum
1144 4269 1275 4349 actione,
1347 4286 1382 4335 tu

329 4371 367 4424 =et
388 4359 510 4435 affectu.
550 4361 611 4424 An
635 4356 729 4424 altius
748 4357 910 4424 consilium
934 4357 1075 4424 Platonis
1096 4357 1200 4424 animo
1221 4295 1380 4435 inseddiia
