2998 5052
316 375 381 438 244
685 367 937 436 EXCURSUS
962 365 989 434 Ι.

318 544 411 634 chylo
425 551 575 633 arguunt,
591 567 631 609 ex
644 568 694 624 eo,
709 543 797 632 quod
812 567 856 608 vs.
873 541 924 608 63.
941 542 984 608 64
998 542 1027 608 ei
1048 547 1121 608 ante
1143 543 1250 632 oculos
1268 535 1354 607 fuisse

319 646 476 706 statuuut;
497 631 586 719 quod
599 630 676 696 mihi
691 636 796 702 'tamen
809 629 901 695 valde
915 629 1048 698 dubium
1062 629 1213 706 habetur3
1230 654 1259 693 v.
1273 630 1354 694 Obss
1396 643 1397 648 ’

320 719 362 784 ad
376 741 403 783 e.
412 719 434 783 l.
458 719 658 785 Probabilius
671 718 749 783 mihi
762 719 810 796 fit,
826 717 930 782 locum
944 715 985 782 de
995 717 1205 782 ’subducendo
1217 715 1357 782 Hectoris

322 829 451 892 corpore
464 806 532 892 jam
547 804 739 870 Antimacho
752 803 869 869 lectum
883 827 959 882 esse,
974 825 1048 867 nam
1064 805 1170 880 κλέψαι
1183 804 1235 887 μὲν
1251 803 1358 884 ἐάσομεν

323 916 367 956 vs.
385 894 435 960 71.
452 905 588 956 mutasse
601 891 653 955 ille
667 903 857 957 memoratur
871 889 904 954 in
919 890 1027 966 κλέψαι
1041 891 1092 972 μὲν
1106 891 1262 976 ἀμήχανον.
1305 890 1359 953 Ve-

324 1001 396 1042 rum
411 992 526 1057 tamem
538 977 588 1042 vel
602 977 656 1057 sic,
672 976 759 1064 quod
768 977 842 1063 jure
855 976 930 1042 inde
944 975 1082 1064 colligas,
1096 975 1157 1040 hoc
1171 989 1294 1041 tantum
1308 989 1360 1054 cst,

323 1064 489 1150 antiquum
512 1064 586 1128 satis
606 1064 666 1128 hoc
688 1087 753 1128 esse
773 1067 916 1136 carmenr
940 1085 1003 1128 non
1018 1085 1104 1141 vero,
1122 1076 1155 1127 et
1174 1063 1246 1142 hoc,
1263 1061 1361 1127 abeo

324 1152 397 1216 dem
411 1165 538 1214 auctore
552 1151 729 1238 profectum
743 1173 819 1228 esse,
831 1149 887 1236 qui
901 1149 1054 1235 reliquam
1067 1148 1200 1214 Iliadem
1214 1147 1362 1224 condidit3

324 1238 384 1302 hoc
400 1249 503 1302 temen
518 1250 565 1302 est
579 1236 670 1317 illud,
685 1236 725 1300 de
762 1257 804 1300 uo
841 1235 990 1300 uaeritur.

370 1323 433 1402 Qui
452 1323 559 1410 itaque
574 1326 717 1388 Homero
738 1347 758 1387 a
775 1259 919 1410 judicare
932 1321 1079 1387 volebant
1096 1321 1297 1412 rhapsodiam
1315 1343 1364 1410 po

325 1424 482 1488 scemam,
496 1410 557 1474 hoc
571 1424 628 1488 est,
643 1433 703 1499 pro
722 1408 829 1499 spuria
848 1421 880 1473 et
899 1407 1061 1474 subdititia
1079 1409 1206 1487 habere,
1222 1431 1287 1474 non
1305 1423 1363 1472 tam

325 1496 447 1562 levibus
468 1497 509 1560 de
521 1496 644 1562 caussis
664 1497 699 1561 id
720 1520 753 1560 se
774 1495 939 1560 effecturos
960 1518 1025 1560 esse
1101 1519 1170 1560 rare
1191 1495 1363 1570 debebant3

326 1583 381 1648 sed
395 1596 452 1648 eut
466 1583 628 1670 antiquam
642 1582 859 1648 auctoritatem
878 1581 1023 1647 idoneam
1086 1605 1165 1662 erre,
1180 1595 1237 1647 aut
1252 1607 1293 1648 ex
1306 1603 1366 1648 car·

325 1668 419 1736 minis
440 1683 555 1736 natura
578 1693 615 1734 ac
639 1670 709 1758 lege
731 1669 854 1749 doecre,
876 1691 944 1734 eam
966 1667 1094 1756 reliquis
1114 1669 1259 1756 partibus
1284 1667 1365 1734 haud

326 1757 525 1844 respondere,
552 1779 616 1822 non
641 1755 806 1822 convenire
835 1779 985 1836 smnmae,
1012 1779 1067 1820 scu
1091 1767 1302 1843 argumento,¹
1317 1779 1366 1820 seu

327 1842 465 1922 consilio,
480 1856 512 1908 et
526 1843 694 1909 abhorrere
708 1855 775 1908 toto
793 1841 941 1908 orationis
962 1841 1100 1930 poeticae
1115 1854 1147 1906 et
1160 1841 1306 1908 dictionis
1318 1866 1366 1931 ge-

326 1953 417 1994 nere:
442 1930 527 1995 unde
548 1929 710 2017 probabile
730 1929 798 1994 fieri
818 1929 927 2028 possit,
942 1928 1011 1994 fieri
1029 1927 1082 1994 vix
1101 1929 1251 2017 potuisse,
1267 1944 1313 1994 ‘ut
1329 1929 1367 1994 ab

327 2040 375 2095 eo,
391 2015 447 2104 qui
461 2016 582 2104 reliqua
595 2029 662 2082 tam
684 2016 758 2082 scite
774 2028 806 2081 et
891 2015 977 2080 niose
996 2014 1181 2103 composuit,
1196 2016 1366 2104 adjiceren-

330 2117 392 2167 tur·
407 2102 468 2168 alia
491 2126 619 2191 prorsus
640 2103 757 2168 absona
777 2039 1038 2168 etbilromntia
1083 2104 1133 2168 Ut
1153 2125 1228 2168 vero
1249 2103 1292 2169 de·
1312 2103 1368 2169 hoc

327 2202 411 2254 recte
425 2213 461 2254 ac
474 2213 547 2256 vere
557 2189 694 2278 judicari
707 2189 815 2278 possit,
830 2188 871 2254 de
885 2187 981 2254 totius
999 2188 1144 2254 carminis
1163 2212 1289 2256 summa
1309 2189 1368 2256 n'on

329 2285 369 2340 e'x
382 2275 507 2364 'vulgari
528 2276 655 2342 notione
676 2289 722 2341 est
743 2275 982 2364 dispiciendum.
1027 2275 1176 2363 Quisquis
1197 2277 1295 2358 semel
1314 2278 1370 2343 hoc

270 2365 275 2371 ’
328 2362 464 2443 admisit,
486 2381 645 2429 summum
667 2375 887 2450 argumentum
908 2361 1060 2427 contineri
1076 2363 1130 2427 ira
1150 2362 1288 2429 Achillis
1310 2387 1371 2429 sus-

328 2461 420 2538 cepta
433 2463 465 2515 et
479 2449 611 2539 placata,
626 2450 724 2549 idque
733 2449 801 2536 jam
815 2450 856 2515 ab
870 2448 959 2513 initio
973 2449 1092 2514 auctori
1102 2449 1257 2514 *carminis
1279 2450 1371 2516 fuisse

328 2537 544 2617 constitutum,
566 2561 622 2603 nec
642 2555 746 2602 murus
766 2548 869 2601 tamen
884 2534 1041 2615 admittit,
1056 2539 1211 2624 tanquam
1230 2560 1305 2602 cum
1325 2561 1372 2603 eo-

328 2623 401 2688 dem
410 2637 603 2712 argumeuto
616 2623 787 2690 necessario
800 2623 978 2709 conjuncta,
989 2645 1036 2701 ea,
1048 2647 1129 2710 quae
1143 2636 1215 2710 post
1227 2624 1374 2690 Hectoris

329 2709 456 2776 caedem
477 2724 659 2790 evenerunt,
675 2708 812 2776 Patrocli
828 2709 926 2774 funus
944 2709 1099 2796 ludosque
1119 2711 1289 2777 funebres:
1312 2711 1373 2791 ille,

247 2797 249 2806 ’
330 2796 429 2862 sisibi
443 2812 583 2862 constare
597 2797 677 2877 vult,
694 2796 781 2862 nullo
798 2796 893 2884 modo
912 2818 1089 2883 repugnare
1108 2809 1222 2884 potest,
1237 2821 1306 2896 quo
1320 2797 1374 2862 mi-

329 2906 390 2948 nus
403 2883 497 2950 etiam
510 2883 701 2950 redemtione
711 2883 853 2972 corporis
864 2882 1012 2948 Hectoris
1025 2893 1146 2970 partem
1160 2885 1310 2950 carminis
1323 2908 1375 2950 no·

328 2970 485 3036 vissimaru
499 2971 578 3037 bene
592 2970 739 3036 constitui
753 2986 884 3036 censeat.
924 2970 1014 3049 *Nam
1028 2969 1194 3036 accedebat
1213 2971 1304 3037 haud
1321 2995 1373 3060 pa·

328 3081 401 3124 rum
416 3057 533 3146 gloriae
547 3057 681 3140 Achillis
700 3069 732 3123 et
751 3069 839 3122 tanto
858 3055 960 3144 majus
981 3067 1049 3124 erat
1069 3056 1136 3144 ejus
1151 3061 1229 3131 κῦδος
1243 3082 1282 3124 ac
1297 3063 1372 3144 τιμὴ,

296 3179 297 3184 1
329 3167 458 3232 corpore
473 3144 620 3210 Hectoris
634 3143 754 3234 ingenti
767 3143 868 3232 pretio
881 3143 1043 3218 redemtm
1063 3167 1128 3230 quo
1141 3143 1268 3210 nomine
1282 3145 1374 3211 ludos

329 3243 457 3318 quoque
477 3231 613 3296 Patrocli
634 3231 783 3296 funebres
801 3229 969 3295 defendere
989 3229 1072 3309 licet,
1088 3229 1164 3317 quia
1185 3254 1297 3298 eorum
1312 3255 1376 3299 ma-

373 3316 380 3330 ’
407 3317 508 3383 centia
520 3341 557 3382 ac
571 3317 718 3406 splendor
732 3317 773 3382 ad
787 3339 901 3381 nomen
916 3315 1050 3381 Achillis
1065 3317 1204 3382 honorati
1216 3317 1374 3385 illustrau-

352 3427 407 3468 um
430 3403 550 3502 aliquid
573 3404 714 3470 conferre
737 3415 869 3492 poterat.
905 3403 990 3468 dam
1013 3417 1119 3472 autem
1133 3403 1220 3469 haec
1245 3429 1375 3506 quoque

328 3501 402 3578 pars
423 3490 599 3570 novrssima,
622 3503 746 3558 tantum
767 3489 856 3556 abest
876 3502 915 3554 ut
934 3489 1034 3555 videri
1128 3489 1153 3554 't
1174 3513 1376 3579 supervenire

327 3590 452 3664 practer
467 3601 592 3645 omnem
606 3577 865 3665 expectationem,
882 3589 918 3641 ut
931 3576 1038 3676 potius
1051 3513 1219 3642 mm
1235 3578 1287 3658 sit,
1305 3603 1374 3646 nar·

327 3675 397 3730 rata
410 3663 450 3729 de
464 3664 638 3752 raptatione
653 3663 804 3730 Hectorei
824 3685 962 3750 oorpons
980 3663 1104 3728 dudum
1122 3663 1254 3750 injuriae
1277 3667 1376 3755 hujus

326 3762 358 3814 ec
373 3750 578 3815 contumeliae
592 3749 785 3816 memorabili
799 3748 906 3838 aliquo
920 3749 1015 3814 modo
1024 3748 1179 3814 finiendae
1194 3773 1283 3838 spem
1299 3752 1376 3818 in'e-

325 3835 413 3916 cisse,
429 3860 480 3915 ne,
495 3849 604 3902 contra
617 3861 735 3903 morem
749 3861 786 3903 ac
804 3836 906 3924 legem
927 3835 1002 3900 boni
1016 3849 1142 3934 poetae,
1157 3858 1215 3901 nos
1228 3861 1306 3906 cum

304 3935 307 3938 '
328 3922 492 3989 testatione
511 3924 692 4005 atrocissimi
713 3923 787 3990 facti
807 3937 839 3988 et
857 3921 1070 3986 immanissimi
1087 3921 1121 3986 in
1161 3922 1205 3986 nii
1219 3923 1252 3988 in
1267 3947 1309 3988 eo
1323 3925 1377 3990 he-

327 4031 391 4089 roe,
407 4011 498 4098 cujus
512 4010 787 4076 admiratione'nos
800 4008 940 4074 detinere
954 4007 1107 4087 voluerat,
1145 4009 1152 4021 ’
1189 4009 1306 4075 'tteret

371 4095 434 4162 His
458 4097 549 4164 dictis
578 4097 619 4162 ad
645 4097 694 4162 dis
717 4097 888 4164 mationem
906 4095 954 4162 de
979 4093 1076 4162 totim
1104 4095 1248 4162 carminis
1277 4103 1376 4185 argu-

326 4196 443 4263 mento,
459 4185 589 4271 ejusque
603 4121 759 4272 partibus,
773 4181 961 4250 deducimur
970 4205 982 4246 τ-
1001 4203 1085 4270 quac
1106 4179 1166 4247 nisi
1184 4195 1277 4248 antea
1302 4183 1380 4250 sub-

325 4267 412 4340 tilius
429 4269 599 4337 constituta
616 4269 724 4351 fuerit,
738 4284 854 4338 temere
871 4266 993 4356 judicia
1011 4277 1119 4336 nostra
1139 4266 1286 4334 feruntur
1310 4270 1378 4336 sive

325 4352 357 4430 iu
372 4356 630 4456 reprehendendo
644 4356 708 4421 sive
722 4356 755 4422 in
770 4354 930 4422 laudando
943 4353 1080 4421 carmine
1096 4354 1274 4420 Homerico.
