2998 5052
264 435 268 440 .
339 379 405 444 aar
593 411 601 432 a
640 365 648 418 ἶ
680 373 940 442 -EXCURSUS
963 375 1033 440 111.

338 563 471 640 poetam¹
483 547 671 637 provenisse,
692 548 855 636 multoque
873 547 966 639 plura
984 571 1020 614 ac
1038 547 1157 646 majora
1173 545 1207 611 iii
1220 569 1270 610 me
1282 565 1371 608 meos

338 661 403 725 que
421 635 656 701 commentarios
674 635 856 710 defluxisse3
878 636 921 700 ad
936 635 1037 698 multa
1050 657 1133 700 enirn
1146 632 1275 720 latentia
1287 644 1317 695 et
1330 653 1374 694 oc·

337 724 425 788 culta
438 722 634 788 festinantem
648 721 858 801 retrahebant,
874 722 916 786 ad
929 721 1135 808 antiquiorem
1157 719 1318 784 lectionem
1330 739 1372 780 ie·

338 811 503 888 vocabant,
521 808 679 896 judicium
701 808 813 872 mentis
834 808 998 886 acuebant,
1019 807 1054 872 iii
1074 806 1181 872 multis
1204 805 1372 880 firmabant,

335 895 484 962 ¹eruendis
497 895 670 960 verioribus
691 894 852 960 materiam
874 907 906 960 et
926 893 1112 960 facultatem-
1130 891 1372 992 suppeditabant.

339 985 474 1048 Manent
488 982 525 1046 iis
539 993 699 1070 praeterea
712 981 856 1069 propriae
872 981 983 1046 laudes
995 980 1029 1045 iii
1043 994 1215 1069 praeceptis
1228 994 1373 1066 gramma·

338 1069 407 1134 tieis
422 1067 636 1134 subtilioribus
648 1068 840 1167 exponendis
854 1080 886 1132 et
899 1066 1090 1155 proprietate
1104 1065 1253 1132 sermonis
1274 1061 1376 1151 glossis

338 1156 404 1221 suis
417 1170 449 1222 et
462 1154 622 1222 vocabulis
636 1153 810 1219 notioribus
825 1153 1020 1220 declaranda.

661 1353 955 1426 EXCURSUS
991 1353 1063 1425 HI.

645 1474 700 1541 De
714 1477 872 1562 Allegorin
887 1475 1083 1540 Homerica&

383 1585 435 1648 De
457 1571 612 1670 Aiiegorid
635 1585 811 1666 Homerico,
836 1595 866 1650 et
890 1587 928 1649 de
950 1584 1196 1667 interpretatione
1218 1581 1375 1667 allegorica

339 1672 478 1750 Homeri,
492 1671 615 1735 diversa
628 1671 711 1736 enim
730 1671 807 1736 haee
818 1684 911 1751 sunt,
926 1671 1123 1759 disputatum
1137 1683 1184 1734 est
1198 1693 1218 1732 a
1231 1667 1337 1732 multis
1349 1679 1377 1730 et

338 1758 487 1840 multum,
503 1771 608 1822 nostra
621 1757 763 1846 inprimis
777 1771 889 1837 aetate,
905 1771 937 1823 et
951 1781 970 1822 a
984 1780 1034 1821 me
1048 1757 1127 1843 ipso,
1139 1755 1332 1842 temporibus
1345 1777 1377 1817 ac

338 1844 432 1908 rebus
446 1844 480 1908 id
494 1868 514 1908 a
527 1867 577 1908 me
590 1844 798 1932 poscentibus.
843 1843 1016 1910 Afferenda
1035 1843 1111 1908 mihi
1133 1865 1218 1907 nunc
1240 1856 1314 1907 sunt
1334 1863 1376 1918 ea,

338 1953 420 2016 quae
442 1931 484 1994 ad
504 1930 602 2017 hujus
622 1955 734 2018 operae
756 1930 971 1996 consiliumet
991 1929 1169 2017 interpretis
1190 1943 1296 2016 partes
1318 1948 1379 2015 spe-

338 2028 433 2080 ctant.
479 2016 535 2080 Ad
554 2017 694 2082 notiones
711 2017 809 2105 igitur
823 2031 906 2082 reete
919 2016 1163 2093 constituendas,
1178 2016 1217 2080 ad
1234 2015 1378 2079 dilectiun

337 2125 444 2166 rerum
466 2103 711 2182 observatarum,
732 2103 773 2168 ad
794 2103 934 2168 dissonm
955 2103 1036 2168 inter
1050 2099 1088 2166 ‘se
1102 2101 1300 2200 antiquitatis
1319 2100 1379 2188 opi-

338 2188 456 2268 niones,
479 2203 510 2254 et
532 2190 573 2254 ad
595 2189 762 2263 utilitatem
783 2189 987 2255 dicendorum
1009 2188 1087 2254 mihi
1107 2211 1243 2255 maxime
1260 2202 1307 2254 est
1320 2187 1379 2253 ani-

338 2299 410 2340 mus
424 2275 641 2342 intendendus.
747 2351 752 2364 ι

382 2363 552 2428 Diversum
574 2389 639 2430 esse
662 2388 833 2430 sermonem
855 2364 1051 2452 allegoricum
1064 2387 1084 2428 a
1101 2385 1241 2428 sermone
1260 2359 1380 2450 'syntbn

340 2450 407 2530 lice,
419 2473 514 2554 quem
528 2453 691 2538 mythicum
702 2453 849 2542 appelles,
860 2452 927 2538 jam
941 2452 1021 2516 alias
1032 2451 1151 2517 dictum
1168 2449 1219 2515 est
1230 2451 1318 2515 satis:
1334 2463 1378 2528 ut,

337 2536 398 2602 nisi
412 2537 557 2624 maligne,
573 2538 639 2602 duo
653 2539 729 2604 haec
748 2562 863 2628 genera
882 2537 1005 2602 diversa
1025 2537 1176 2603 confundi
1197 2537 1288 2602 haud
1309 2543 1388 2625 pos·¹

338 2623 409 2689 sint.
427 2681 428 2686 ,
456 2623 625 2711 Symbolici
644 2625 793 2690 seimonis
812 2647 906 2689 usum
924 2623 1031 2688 intulit
1049 2623 1213 2690 necessitas
1226 2622 1313 2697 inter¹
1324 2623 1377 2686 ho·

337 2707 437 2774 mines
454 2710 549 2774 rudes
563 2734 601 2774 ex
616 2734 732 2776 eorum
745 2711 887 2792 infantia,
903 2711 1065 2775 notionum
1081 2723 1113 2774 ct
1126 2711 1298 2774 verborum
1313 2731 1379 2798 pro-

338 2795 479 2883 priorum
494 2795 609 2884 inopia,
625 2821 697 2861 cum
712 2797 847 2863 necdum
862 2820 899 2862 ea
911 2796 1132 2884 intelligentiae
1152 2796 1381 2862 subtilitate'in·

338 2882 448 2948 structi
467 2897 579 2962 essent,
596 2898 632 2949 ut
645 2884 735 2948 aliter
748 2907 843 2970 quam
865 2907 921 2971 per
942 2884 1048 2948 reruni
1069 2884 1185 2948 formas
1206 2907 1251 2947 ac.
1267 2884 1380 2972 species

337 2983 442 3034 mente
462 2981 637 3058 conceptas,
660 2995 739 3058 quas
763 2971 981 3058 phantasmata
1005 2969 1209 3058 appellamus,
1232 2969 1379 3058 quoniam

337 3055 424 3122 aliud
438 3079 552 3121 nornen
566 3057 654 3123 haud
667 3057 814 3136 innotuit,
831 3080 939 3122 sensus
952 3049 1048 3120 aiiimi
1069 3056 1225 3122 declarare
1244 3071 1380 3144 possent.

339 3144 454 3230 Itaque
476 3142 617 3208 homiues
639 3144 734 3209 rudes
757 3167 804 3223 ea,
826 3166 909 3231 quae
930 3156 986 3207 aut
1007 3166 1091 3208 nunc
1112 3143 1305 3231 excogitant,
1328 3158 1380 3208 aut

338 3253 420 3318 quae
434 3229 601 3316 praeterita
614 3230 718 3295 animo
737 3243 768 3296 et
789 3229 938 3294 memoria
957 3243 1075 3309 tenent,
1097 3228 1164 3294 aliis
1182 3253 1239 3317 per
1259 3229 1379 3306 similia,

338 3339 419 3402 quae
444 3315 519 3402 ipsis
539 3315 754 3396 innotuerunt,
777 3319 834 3381 aut
855 3329 927 3381 ante
948 3316 1055 3381 oculos
1076 3316 1242 3396 habentur,
1266 3316 1381 3415 signifi-

338 3415 421 3470 cant.
465 3403 578 3489 quue
600 3403 694 3468 modo
715 3402 945 3490 antiquissimos
960 3404 1097 3469 Graecos
1111 3425 1200 3468 sensa
1219 3403 1317 3467 animi
1331 3425 1382 3467 eii-

337 3488 477 3578 posuisse
491 3487 524 3552 in
538 3489 678 3554 confesso
691 3503 756 3566 est3
780 3512 853 3554 cum
876 3514 917 3553 ue
935 3489 1076 3555 notiones
1094 3489 1303 3554 barbarorum
1323 3490 1381 3554 sint

337 3598 608 3664 paucaanumero
628 3591 660 3642 et
678 3577 718 3642 de
738 3575 832 3642 rebus
854 3601 874 3640 o
896 3576 970 3641 viis:
994 3576 1085 3641 facile
1105 3575 1203 3640 intelli
1226 3575 1303 3656 tur,
1319 3599 1380 3641 nou

337 3662 525 3749 exquisitam
547 3663 684 3750 aliquam
705 3677 737 3728 et
759 3663 905 3728 subtilem
927 3662 1107 3750 sapientiam
1129 3599 1380 3728 antiocenam

337 3748 429 3814 dictis
450 3749 600 3815 contineri
621 3773 738 3838 posse..
766 3749 848 3814 Sunt
869 3764 975 3815 autem
996 3773 1044 3829 ea,
1062 3750 1102 3814 de
1123 3749 1240 3836 quibus
1260 3749 1380 3839 aliquid

337 3834 553 3924 pronuntiant,
568 3849 625 3902 aut
638 3859 735 3902 rernm
750 3847 856 3901 eventa
870 3849 926 3901 aut
940 3837 1091 3919 opiniones
1106 3838 1144 3900 de
1163 3837 1203 3900 iis
1223 3857 1381 3919 eorumque

337 3925 463 3988 massis.
487 3924 597 4010 Atque
611 3924 725 3987 horum
740 3924 916 4010 fragmenta
929 3921 1079 3986 nonnulla
1089 3921 1122 3986 iri
1133 3921 1262 3986 Graecis
1275 3921 1381 3986 adhuc

336 4021 457 4088 extant,
473 4033 555 4097 quae
568 4011 739 4098 mptiiornrn
753 4009 1025 4095 antiquissimorum
1038 4009 1163 4073 nomine
1177 4008 1310 4074 veniunt
1316 4007 1341 4074 b.

370 4192 381 4214 ¹
404 4183 506 4230 Paratus
528 4189 581 4231 erat
601 4181 641 4230 hic
662 4183 787 4230 Excursus
807 4183 838 4230 ad
878 4197 932 4230 rum
944 4182 1082 4244 generibus,
1094 4181 1281 4240 concinnatam
1295 4180 1381 4238 utini,

337 4247 492 4310 rhapsodiam
510 4255 540 4295 Φ.
561 4255 586 4294 et
604 4247 636 4304 ad
654 4262 762 4309 pugnarn
781 4245 838 4294 deo·
878 4262 932 4294 rum
955 4263 1004 4298 unii
1025 4251 1074 4306 sit,
1086 4247 1169 4304 fnisse,
1189 4247 1231 4308 qui
1252 4248 1382 4310 allegoriae

337 4311 431 4360 ruintn
441 4326 470 4358 ea
481 4318 633 4372 enarratam
650 4327 681 4360 ex
693 4311 776 4372 variis,
788 4326 836 4359 non
850 4323 853 4328 ·
878 4313 980 4374 vestigia
991 4314 1016 4362 iu
1028 4312 1059 4361 iis
1070 4313 1297 4361 animadverterent.

337 4377 411 4425 modo
423 4376 521 4441 mythis,
534 4377 575 4426 sed
586 4384 611 4426 et
625 4378 728 4426 diversis
743 4377 838 4442 mytho·
912 4376 922 4410 ¹¹
939 4379 981 4438 De¹
995 4381 1134 4440 mpthnrnm
1152 4379 1250 4430 ninom
1263 4383 1288 4428 et
1301 4377 1383 4428 indoti
