3008 5056
424 359 493 425 ΑΒ
516 353 666 426 mmo.
682 308 726 426 a.
751 355 823 424 rar.
949 339 952 348 “
1102 337 1194 431 rar'

115 527 239 594 animos
252 541 367 594 teneat
414 531 489 598 Hoc
503 551 604 596 unum
620 543 725 596 tamen
742 531 816 619 jure
830 529 1018 618 postulatur,
1031 552 1078 619 ,ne
1083 532 1170 682 ἓξ

116 614 150 678 in
175 614 355 680 narratione
379 631 533 698 occurrat,
559 617 648 705 quod
671 639 778 682 rerum
801 630 1042 704 temporumque
1063 641 1084 682 o
1123 618 1129 631 '
1155 618 1164 633 ⁶

116 714 227 788 aperte
256 725 273 766 r
314 715 432 790 ugnet3
470 726 510 768 ne
537 701 730 792 praestigias,
776 702 871 768 uibus
898 702 1077 768 audientem
1101 717 1169 770 tam

117 787 259 852 suaviter
303 787 445 854 elinitum
467 803 563 870 tenet,
578 789 645 877 ipse
666 726 821 876 dispolim
836 800 869 854 et
888 788 930 853 de
951 788 1046 854 animi
1062 808 1168 855 errore

115 887 254 938 moneat.
300 875 459 941 Postulari
479 877 539 942 hoc
560 887 664 963 potest
684 887 772 940 tanto
786 874 899 964 magis,
912 875 938 939 si
951 889 1056 964 poeta,
1070 894 1169 964 quam

114 959 264 1025 omittere
289 973 447 1048 potuerat,
473 975 652 1050 temporum
675 961 867 1026 notationem
890 962 1096 1050 interposuit3
1123 962 1169 1029 ita

114 1045 202 1110 enim
220 1045 288 1135 ipse
301 1046 414 1134 judicii
436 1049 631 1114 severitatem
651 1047 685 1114 in
706 1071 739 1113 se
759 1047 949 1138 pmvoeavit,
994 1050 1068 1114 Hoc
1089 1061 1167 1129 erat,

115 1132 208 1218 quod
222 1155 273 1198 me
328 1156 471 1202 rmovere
527 1135 600 1216 tuit,
615 1147 652 1200 ut
665 1135 699 1200 in
713 1134 845 1224 Virgilio
857 1135 891 1200 in
905 1157 1003 1200 annos
1024 1157 1166 1200 errorum

114 1221 261 1299 Aeneae,
331 1223 487 1286 xcursuI
531 1221 573 1286 ad
596 1224 678 1287 Aen.
701 1222 789 1308 III.)
812 1234 844 1286 et
865 1221 898 1286 in
919 1244 1075 1286 annorum
1154 1235 1168 1286 t

113 1307 249 1370 Aeneae
263 1305 435 1372 adventum
456 1308 490 1372 in
512 1307 637 1373 Italiam
657 1329 725 1372 com
749 1319 852 1386 utum,
869 1307 1034 1391 (Excursu
1051 1309 1089 1373 11
1125 1309 1168 1372 ad

114 1390 172 1456 lib.
189 1392 295 1477 XII.)
310 1393 486 1458 accuratius
499 1389 697 1481 inquirerem.
722 1329 775 1458 lia
787 1393 848 1458 hoc
884 1417 1001 1481 uoque,
1016 1393 1168 1482 quioquid

113 1489 174 1542 est'
175 1477 270 1566 juris,
282 1477 453 1566 indagandi
468 1492 645 1568 temporum
658 1479 793 1546 rationes
806 1478 838 1542 in
855 1479 873 1543 1
886 1479 893 1492 '
937 1503 965 1560 e,
975 1480 1168 1578 pennissum

115 1577 167 1648 est
191 1563 300 1630 lectori
322 1565 485 1632 morosiori
585 1578 763 1654 temporum
784 1577 884 1644 notas,
903 1587 1016 1652 passim
1038 1563 1168 1630 carmini

116 1649 253 1716 insertas
265 1663 299 1715 et
312 1650 436 1718 disertis
449 1675 504 1718 ver
525 1652 553 1716 is
572 1675 742 1751 expressas.
787 1651 883 1730 Quod
895 1651 955 1716 nisi
968 1651 1014 1716 ita
1026 1675 1059 1716 se
1071 1651 1168 1717 haba
1194 1669 1197 1676 “

117 1749 179 1816 ret,
206 1759 334 1802 omnem
355 1739 466 1826 ntique
488 1739 569 1804 hanc
590 1736 834 1826 disputationem
854 1761 875 1802 a
894 1750 988 1826 poeta
1009 1754 1196 1804 semovens·

118 1821 193 1887 dam
220 1846 287 1888 esse
310 1823 454 1892 dicerem.
499 1826 596 1891 Nunc
617 1836 724 1890 autem
745 1835 834 1889 tanto
854 1823 986 1912 aequius
1006 1824 1169 1890 ferendam

117 1931 185 1972 esse
209 1909 293 1975 hanc
318 1909 532 1997 quaestionem
556 1933 676 1990 censeo,
696 1909 846 1998 qnoniam
867 1922 932 1975 tam
954 1909 1106 1990 liberales,
1129 1933 1167 1976 ac

117 2007 245 2062 tantum
268 2018 333 2061 non
355 1996 480 2096 prodigi
500 2009 534 2061 et
555 1995 657 2076 effirsi,
676 1996 766 2062 fuere
786 2011 907 2062 veteres
926 1996 960 2060 in
981 1995 1169 2062 celebrando

117 2079 332 2170 dispositionis
354 2082 495 2162 artifieio,
515 2082 668 2147 artissimo
692 2082 879 2148 narrationis
902 2105 988 2148 nexu
1010 2083 1044 2147 in
1067 2082 1170 2148 Iliade
1194 2095 1196 2102 '

119 2167 416 2256 accuratissimeque
428 2190 535 2233 rernm
552 2181 794 2256 temporumque
814 2168 1021 2257 descriptione
1035 2181 1067 2234 et
1080 2181 1170 2234 nota·

119 2252 224 2328 tione;
249 2265 287 2318 ut
300 2254 360 2318 lroc
374 2277 440 2321 uno
453 2254 504 2320 vel
516 2255 652 2320 maxime
673 2254 921 2320 demonstratum
942 2279 1008 2320 esse
1024 2267 1176 2320 autuma'

119 2353 202 2419 rent,
218 2339 356 2404 nonnisi
370 2341 411 2406 ab
425 2363 491 2406 uno
504 2353 537 2406 et
550 2365 571 2406 a
583 2341 686 2429 primo
699 2343 840 2419 auctore,
853 2340 951 2405 divini
967 2341 1100 2441 alicujus
1111 2342 1174 2431 'in··

119 2426 205 2524 genii
218 2448 291 2577 ope,
298 2425 518 2492 incredibilem
530 2427 613 2491 hanc
626 2449 719 2514 epeos
733 2426 885 2491 unitatem
902 2426 1055 2513 proficisci
1075 2439 1170 2514 potu-

119 2534 188 2580 isse.
267 2513 342 2580 n'ere
366 2512 426 2578 viri
451 2512 547 2592 docti,
573 2536 630 2601 per
653 2534 762 2578 omnes
786 2512 868 2578 sorte
893 2524 1019 2592 aetates,
1045 2513 1102 2600 qui
1126 2512 1169 2579 ad

120 2597 224 2664 multa
236 2598 441 2678 offenderent,
456 2619 514 2664 nec
528 2612 632 2664 tamen
646 2598 759 2666 autad
773 2597 897 2686 singula
912 2597 1099 2664 descendere
1112 2612 1170 2665 aut

120 2695 280 2772 receptam
304 2683 482 2783 opinionem
507 2707 580 2750 cum
605 2683 689 2750 malo
713 2707 771 2750 suo
795 2684 981 2772 impugnare
1006 2685 1175 2752 auderent.'

121 2771 260 2849 Interea,
279 2783 336 2836 etsr
358 2793 378 2834 a
396 2770 516 2836 lacunis
537 2785 570 2836 et
590 2770 825 2836 confusionibus
844 2793 951 2836 rerum
972 2784 1177 2836 narratarum·
1208 2831 1212 2842 ,

120 2879 196 2944 epos
218 2857 281 2924 hoc
300 2856 429 2922 omnino
451 2857 591 2923 immune
613 2878 678 2922 non
698 2869 755 2934 est,
770 2856 820 2922 vel
843 2857 886 2922 sic
907 2869 1012 2922 tamen
1035 2857 1169 2922 Iliacum

120 2965 258 3022 carmen,
273 2942 505 3008 etiamsi'solam
519 2965 626 3008 rerum
644 2955 840 3007 narratarum
857 2942 968 3007 seriem
982 2956 1014 3008 et
1027 2942 1170 3007 ordinem

242 3049 408 3112 ,summae
422 3029 498 3095 artis
512 3053 532 3094 o
554 3052 593 3095 us
607 3051 672 3094 esse
685 3027 919 3094 fatendum'est.
957 3029 1032 3093 Non
1088 3029 1096 3042 '
1131 3051 1170 3094 us
1276 3069 1279 3074 -

142 3138 161 3180 e
180 3114 386 3203 ¹chronologia
409 3137 515 3181 rerum
571 3115 752 3204 rojanorum
772 3113 928 3194 universe,
946 3137 1029 3202 quae
1046 3051 1170 3180 qgnnhoe

121 3201 305 3290 quaestione
318 3214 365 3267 est
378 3200 489 3282 aliena,
504 3223 562 3267 nec
576 3201 767 3290 quaerimus,
782 3200 824 3265 ad
845 3223 926 3288 quos
943 3222 1052 3278 annos,
1066 3223 1171 3289 respe-

121 3300 175 3352 ctu
190 3285 384 3375 reliquarum
404 3287 605 3353 historiarum
626 3287 748 3376 antiqui
767 3285 848 3368 aevi,
862 3299 968 3375 gestae
981 3299 1014 3352 et
1027 3300 1177 3353 narratae¹

120 3395 170 3438 res
198 3372 263 3438 sint
286 3373 496 3450 revocandae3
523 3373 625 3439 multo
649 3375 753 3438 minus
778 3372 819 3438 de
843 3395 949 3438 rerum
973 3386 1171 3440 narratarum

120 3458 193 3523 lide
239 3459 311 3524 Etsi
335 3459 432 3525 nolim
457 3459 645 3549 persuadere
662 3459 802 3547 'aliquem
824 3459 883 3524 sibi
903 3459 975 3548 hoc,
996 3467 1090 3549 omne
1110 3459 1171 3525 hoc
1197 3465 1200 3470 '

120 3544 343 3645 quaestionum
368 3569 469 3634 genus
493 3570 559 3612 esse
584 3569 701 3611 vanum
726 3557 759 3610 et
781 3545 873 3610 inane
882 3570 900 3619 3,
916 3567 1063 3633 magnam
1088 3545 1199 3610 enim*¹

120 3631 292 3698 utilitatem
314 3631 411 3697 habet
431 3633 474 3697 ad
496 3645 581 3698 recte
603 3631 835 3697 constituendas
856 3631 992 3712 notitias,
1012 3630 1052 3696 de
1071 3631 1172 3730 iisque
1312 3627 1314 3634 ⁴

118 3717 278 3806 judicium
302 3717 504 3798 firmandum,
528 3719 554 3782 si
576 3717 684 3783 saltem
705 3716 875 3816 probalrilis
897 3716 1004 3816 aliqua
1023 3717 1104 3782 ratio
1124 3740 1178 3808 ru:
1211 3792 1214 3796 .

121 3815 219 3868 venta
240 3816 298 3882 est,
313 3827 379 3891 qua
397 3804 489 3869 certis
510 3818 689 3892 temportmr
710 3826 728 3867 e
787 3803 836 3868 lus
854 3802 926 3868 illae
939 3817 1001 3869 amt
1014 3803 1125 3868 affixae
1140 3816 1177 3868 et'

123 3889 308 4040 assignatae:
328 3974 335 3988 ·
352 3890 522 4040 {gaguuimur
545 3890 653 3988 inghis
671 3891 712 3978 'ju
746 3887 830 3953 cium
855 3888 951 4012 idem,
977 3889 1065 3988 quod
1090 3888 1172 3986 inter
1198 3983 1200 3988 Ι

126 3997 338 4126 cciiiiwair'riii1
342 4023 471 4149 proba’b'
484 3974 1178 4136 utidniririeliidriniididireiitietriulimlde'iidiiid‘

127 4165 234 4212 eorum
259 4161 325 4212 tam
351 4146 474 4213 diversa
495 4149 536 4213 de
562 4148 697 4213 Homeri
719 4159 820 4212 aetate
839 4147 921 4236 inter
941 4146 1016 4210 belli
1043 4171 1055 4234 J
1071 4143 1171 4232 mjani
1202 4171 1204 4178 ’

129 4241 267 4321 tempora
280 4233 555 4323 et·Olympiadum
568 4233 661 4300 initia·
670 4243 850 4323 opportuno
870 4231 977 4320 aliquo
985 4260 987 4270 ⁴
995 4231 1065 4298 loco
1078 4229 1172 4298 collo-
