2998 5052
508 377 743 450 dissuas..
768 386 816 450 11.
1040 375 1041 378 ‘
1091 468 1096 474 .
1121 389 1187 454 111

139 569 184 618 λοι
203 553 283 639 μίγα
305 555 451 619 πεινάοντα
473 556 582 620 δίεσθαι.
612 563 649 621 Χ.
667 559 739 628 199.
761 561 796 634 ὥς
816 559 837 620 d
859 562 886 622 ἐν
906 557 995 643 ὀνείρου
1019 561 1049 620 οὐ
1072 553 1185 623 towards

140 639 279 724 φοῦγοισιι
293 641 407 719 διώκειν,
424 639 478 705 οὔτ’
493 639 537 726 ἅμ’
553 649 566 706 ὁ
580 644 627 709 τὸν
641 645 753 707 δύναται
768 644 936 730 ὑποφεύγειν,
952 622 1004 708 163
1020 649 1033 706 ὀ
1048 643 1160 708 διώκειν.

184 725 283 792 Venio
307 727 348 792 ad
374 727 502 792 tertium
524 752 635 817 genus,
658 729 746 818 quod
767 744 814 795 est
837 753 956 810 eorum,
980 753 1061 818 quae
1084 730 1184 796 solent

137 812 214 877 fieri.
252 815 335 880 ¹Hoc
358 837 485 902 quoque
509 814 714 881 indicativum
737 815 884 904 postulat.
920 816 959 881 Il.
981 823 1015 882 B.
1041 819 1092 884 87.
1120 816 1183 897 ἠΰτε

139 898 214 963 ἔθνεα
229 899 280 962 slot
295 902 458 982 μελισσάων
473 902 596 966 ἁδινάων.
643 905 696 966 Ita
716 924 790 967 oum
811 903 920 968 eadem
934 902 1088 990 particula
1102 907 1135 966 Γ.
1152 906 1182 969 3.

137 989 311 1061 01111111ςο.
329 990 440 1058 4991.
458 991 487 1051 4.
504 993 544 1051 Π.
561 988 634 1056 765.
650 993 754 1052 <1133.
778 989 839 1054 Od.
856 995 891 1054 T.
907 993 979 1054 305.
993 991 1094 1053 rell.
1110 1012 1183 1054 cum

124 1069 211 1136 ’ὥστε
232 1078 268 1137 Δ.
288 1075 360 1138 483.
384 1079 427 1136 M.
445 1074 517 1142 378.
541 1079 579 1138 N.
597 1077 669 1144 703.
694 1081 735 1138 Π.
752 1075 825 1141 633.
849 1082 880 1140 Ρ.
899 1078 971 1143 755.
996 1075 1057 1141 Od.
1073 1080 1112 1138 N.
1129 1079 1181 1141 81.

139 1181 212 1222 cum
227 1158 322 1234 ώςὸτε
342 1160 380 1223 Il.
399 1165 431 1222 B.
449 1162 522 1224 310.
546 1167 589 1225 Μ.
608 1164 680 1226 451.
698 1168 738 1224 Π.
755 1161 827 1227 364.
851 1164 887 1224 Σ.
905 1164 978 1234 319.
1002 1168 1039 1226 Χ.
1058 1160 1129 1226 163.
1146 1169 1183 1227 Ψ.

137 1243 211 1315 693.
236 1245 297 1310 Od.
315 1247 631 1322 Ν.31.01111111ος11.
649 1247 772 1314 2:146.
789 1253 825 1312 A.
843 1247 894 1314 63.
919 1249 980 1313 Od.
998 1248 1034 1312 Σ.
1051 1250 1125 1317 193.
1146 1253 1181 1313 Τ.

139 1333 212 1396 333.
236 1355 309 1396 cum
324 1332 385 1407 ὅσος
401 1332 442 1397 11.
459 1339 493 1397 Β.
511 1334 583 1400 468.
608 1341 647 1399 Ο.
664 1339 737 1400 358.
754 1341 795 1398 Π.
811 1339 884 1405 589.
908 1341 944 1399 Ψ.
963 1336 1035 1399 481.
1052 1336 1126 1402 517.
1142 1338 1182 1397 o.

139 1420 213 1487 317.
231 1418 291 1483 Od.
305 1423 345 1484 Θ.
357 1421 429 1484 134.
443 1437 514 1485 cum
530 1420 579 1484 ἅτε
597 1421 635 1487 Il.
647 1427 686 1486 X.
697 1423 769 1490 137.
795 1422 858 1486 Sed
869 1421 1029 1509 quoniam,
1041 1443 1123 1507 quae
1138 1443 1185 1503 so-

134 1503 204 1570 lent
218 1505 296 1583 fieri,
313 1504 407 1570 etiam
422 1520 459 1572 ut
473 1507 568 1572 semel
581 1509 665 1574 facta
678 1508 797 1572 narrari
816 1521 958 1596 possunt,
975 1507 1060 1572 unde
1076 1506 1186 1572 ‘aoristi

135 1591 285 1693 frequens
299 1614 376 1691 usus
389 1593 448 1658 hae
462 1593 495 1657 in
509 1617 545 1694 re
558 1607 616 1675 est,
631 1618 695 1659 non
709 1608 757 1660 est
770 1595 897 1694 mirum,
914 1594 939 1658 si
950 1594 1103 1694 pleraque
1115 1593 1183 1676 ,hu-

132 1701 326 1854 ilffi
339 1680 1187 1856 {limdlniffllffliinsffllitrlllii

137 1851 245 1931 fuerit,
271 1876 300 1917 v.
315 1877 341 1916 c.
364 1852 403 1916 Il.
426 1859 462 1917 B.
480 1857 552 1919 310.
574 1858 609 1930 ὥς
633 1854 676 1917 ὅτε
699 1861 776 1939 κῦμα
801 1855 1018 1937 πολυφλοίσβοιο
1040 1854 1184 1936 θαλαίσσιγςΙ

137 1941 264 2025 αἰγιαλῷ
277 1938 398 2024 μεγάλῳ
413 1940 556 2028 βρέμεται.
603 1941 665 2006 Sed
686 1964 743 2005 our
765 1942 806 2004 ad
827 1941 1062 2028 conjunctivum
1077 1938 1186 2004 conlu-

137 2023 271 2113 giainus,
287 2025 343 2090 ubi
357 2025 435 2089 nihil
449 2026 482 2091 in
496 2027 666 2091 indicativo
686 2026 762 2103 vitii,
775 2031 844 2092 est?
868 2029 951 2092 Nam
968 2025 993 2090 si
1008 2025 1078 2127 quis
1093 2029 1128 2099 ὡς
1142 2024 1186 2088 ἴτε

138 2130 212 2174 cum
233 2110 402 2176 indicativo
423 2113 594 2200 praesentis
608 2113 746 2178 construi
761 2137 801 2179 ne
842 2126 865 2193 t,
881 2113 909 2178 ei
925 2113 1001 2177 satis
1009 2135 1076 2200 Jam
1091 2133 1187 2262 supra
1284 2173 1292 2184 ,

137 2219 323 2284 responsum
351 2198 549 2264 arbitramur.
605 2201 651 2264 Et
678 2222 793 2288 respon
816 2200 920 2264 ebitur
950 2199 1064 2264 iterum
1094 2196 1126 2262 in
1141 2220 1184 2262 ra.

139 2285 229 2383 Quae
238 2307 344 2370 quum
358 2284 403 2349 ita
417 2286 489 2364 sint,
505 2298 629 2350 tantum
644 2286 741 2364 abest,
754 2300 791 2351 ut
806 2285 1027 2351 -Thiereohium
1042 2285 1184 2372 probem,

138 2372 891 2547 uirtus,tl.t·..³.⁸⁴.r·.tz⁷<.s‚¹t.
908 2371 1023 2522 {tr
1033 2374 1185 2521 313

137 2543 225 2607 hunc
244 2544 374 2608 modum
396 2545 544 2625 offerunt,
560 2559 598 2611 ut
618 2548 711 2610 Ι.Δ.
724 2547 796 2610 131.
819 2568 883 2610 non
905 2544 970 2608 sine
991 2542 1186 2608 dubitatione
1281 2573 1299 2587 ..

136 2629 351 2718 recipiendum
373 2645 492 2719 putem.
537 2636 586 2698 At
609 2656 671 2698 non
696 2656 804 2698 omnes
828 2629 987 2696 indicativi
1009 2642 1073 2694 tam
1095 2627 1185 2695 facile

138 2717 291 2782 removeri
306 2732 445 2804 possunt.
481 2722 586 2798 Quare
600 2719 676 2784 alias
690 2743 818 2808 quoque
833 2718 900 2784 vias
914 2716 1079 2782 tentandas
1092 2715 1186 2780 duxit

139 2803 354 2868 Thierschius
379 2805 420 2868 Il.
445 2812 481 2870 Ψ.
507 2808 579 2876 759.
605 2806 647 2870 ἔτι
672 2809 693 2870 δ’
718 2805 818 2894 α’ίμνυτο
842 2809 894 2881 δῖος
917 2805 1081 2884 Ὀδυσσεὺς,
1107 2801 1184 2888 ἄγχι

136 2890 220 2973 μάλ’,
236 2894 271 2966 νίς
286 2890 330 2954 ὅτε
345 2890 386 2965 τίς
401 2917 432 2955 τε
452 2894 581 2976 γυναικὸς
604 2894 724 2974 ἐϋζώνοιο
742 2891 851 2970 στήθεός
873 2895 933 2954 ἐστι
957 2889 1056 2967 κανὼν,
1073 2889 1099 2950 ὅν
1114 2891 1139 2952 τ’
1156 2887 1184 2951 εὖ

135 2977 221 3059 μάλα
244 2978 320 3064 χειρὶ
344 2977 480 3076 τανύσσγ,
505 2979 595 3056 πηνίον
618 2979 774 3057 ἐξέλκουσα
796 2979 886 3062 παρὲκ
910 2976 1000 3059 μίτον,
1028 2975 1135 3062 ἀγχόθι
1161 2976 1183 3036 δ’
1271 3026 1274 3032 .

136 3061 218 3149 ’ίσχει
233 3064 350 3140 στήθεος.
396 3065 612 3142 0011011011,
635 3067 762 3130 haerere
775 3086 966 3152 quemquam
982 3061 1016 3126 in
1029 3061 1087 3140 his
1137 3071 1186 3123 tu-

136 3148 221 3213 isse?
243 3151 329 3214 Nam
352 3151 618 3237 quemadmodum
643 3152 778 3239 τανιίσσῃ,
802 3166 839 3214 111
864 3150 896 3214 in
920 3146 1069 3236 singulari
1104 3157 1184 3224 uoto,

137 3234 201 3298 diei
227 3236 372 3315 debebat,
398 3236 452 3317 ita,
483 3261 594 3325 quum,
625 3238 704 3325 quid
733 3237 844 3302 soleret
873 3236 953 3315 fieri,
982 3231 1185 3298 indicandum

138 3336 230 3402 esset,
246 3320 304 3386 ἔστι
320 3322 439 3388 dictum
455 3324 629 3411 oportebat.
663 3323 943 3401 At'Thierschiu's,
959 3321 1080 3385 31111011
1096 3341 1186 3407 posse

139 3431 214 3472 oum
235 3408 404 3474 indicativo
419 3411 595 3498 praesentis
617 3410 755 3476 construi
777 3422 875 3489 ratus,
892 3409 950 3473 ἔστι
965 3432 997 3496 p.
1015 3411 1068 3472 33.
1084 3418 1188 3470 mutat

137 3494 172 3559 in
186 3493 275 3580 ἄγχι,
291 3508 329 3560 111
342 3495 383 3560 ad
397 3501 433 3572 ὥς
449 3495 494 3560 ὅτι
508 3498 640 3562 verbum
662 3498 761 3584 ὤρνυτο
783 3511 888 3561 mente
909 3509 1086 3591 repetatur,
1096 3492 1187 3641 corppus

139 3580 333 3668 repetitionis
354 3606 436 3670 quae
458 3595 595 3668 quatuor
616 3585 760 3672 exempla
781 3583 883 3658 affert,
898 3581 936 3645 iis
955 3579 1048 3644 etiam
1064 3601 1089 3642 si
1140 3599 1188 3664 Je-

138 3667 231 3732 oisset
245 3668 338 3732 hosoe
353 3691 408 3733 sex
422 3668 498 3734 alios
512 3669 607 3747 locos,
624 3669 663 3733 Il.
680 3674 719 3733 N.
737 3671 809 3737 471.
825 3671 899 3737 571.
917 3673 958 3730 Π.
973 3664 1045 3731 406.
1070 3664 1131 3729 Od.
1149 3669 1185 3726 Ε.

140 3756 215 3818 381.
232 3760 269 3817 Λ.
286 3753 359 3819 368.
375 3761 410 3818 Τ.
429 3755 595 3826 40111111
617 3767 722 3820 tamen
744 3777 851 3820 omnes
871 3753 1051 3840 probarent,
1067 3750 1143 3838 quia
1155 3749 1189 3813 in

139 3839 288 3904 omnibus
301 3841 384 3905 idern
399 3843 543 3921 verbum,
559 3842 645 3930 quod
668 3841 824 3941 adjectum
836 3853 894 3919 est,
909 3839 1003 3904 etiam
1017 3838 1050 3902 in
1064 3857 1189 3924 comps-

138 3926 260 3991 ratione
275 3941 348 4026 apte
362 3928 436 4016 poni
457 3929 579 4016 potuit:
605 3927 692 4017 quod
706 3951 738 3992 m
753 3926 906 4006 hocloco,
921 3927 1012 3991 cu'us
1031 3945 1140 3988 caussa
1154 3921 1191 3984 il·

138 4011 188 4078 los
211 4013 328 4093 attuht,
351 4037 414 4080 non
436 4029 500 4081 est:
524 4039 627 4103 quare-
645 4015 759 4080 horum
781 4013 898 4092 nullus,
995 4009 1034 4074 Il.
1054 4016 1091 4074 Ψ.
1114 4009 1197 4083 713.-

140 4099 245 4164 afferri
260 4099 403 4166 debebat.
450 4103 513 4168 Sed
534 4102 710 4190 potuissent
731 4114 835 4168 tamen
854 4099 905 4164 isti
928 4098 987 4163 loci
1006 4107 1089 4161 certe
1107 4094 1188 4158 hano

139 4185 310 4251 utilitatem
323 4188 450 4268 habere,
471 4203 508 4254 ut
526 4213 566 4254 ne
584 4190 619 4253 in
640 4188 792 4280 epimetro
805 4186 858 4250 illo
871 4209 902 4336 p
917 4183 990 4252 306.
1014 4181 1203 4248 Pindarum.

142 4272 362 4338 Thierschius.
373 4276 621 4364 reprehenderet.
669 4276 739 4340 sed.
757 4274 782 4339 si
802 4286 873 4362 post
896 4295 942 4351 ao,
958 4284 997 4336 ut
1016 4291 1188 4358 speramus,

139 4358 221 4426 illud
236 4361 296 4424 ἐστὶ
311 4360 476 4427 immotum
498 4362 646 4441 manebit,
665 4362 766 4452 multo
788 4359 887 4448 magis
908 4358 1079 4424 manebunt
1102 4356 1188 4435 haec,

633 4451 693 4515 14
