2998 5052
318 381 383 446 228
666 380 918 452 EXCURSUS
942 382 1010 446 III.

318 553 445 618 thorum
467 553 628 618 involucra
646 553 747 618 multo
768 554 868 640 magis
889 551 1072 631 obscuratis,
1088 566 1120 618 et
1133 575 1190 640 per
1206 550 1359 640 poetasin

318 663 407 704 veras
428 640 551 706 fabulas
572 639 711 719 mutatis,
735 641 802 719 lae,
824 641 994 727 religiones,
1019 639 1159 726 inquam,
1182 661 1297 727 magna
1321 661 1359 702 ex

318 741 408 814 parte
421 725 569 808 ludicrae,
583 726 758 804 indecorae,
773 740 893 791 atroces
906 750 1034 814 quoque
1048 739 1080 790 et
1099 726 1264 806 nefandae,
1279 724 1361 789 viros

357 836 429 877 aves
454 836 490 880 aa
515 814 687 901 prudentes
712 812 802 877 facile
823 814 866 878 ad
888 835 958 878 eam
983 811 1283 878 animadversionem
1309 811 1361 875 de-

318 836 449 978 iissre,
469 923 566 998 quam
587 899 718 986 indigna
738 923 775 963 ea
795 913 921 964 narrata
941 899 1070 964 numine
1091 911 1212 974 essent;
1236 921 1295 963 nec
1316 912 1361 963 ta-

319 1009 401 1063 men,
416 986 560 1052 instrtuta
573 985 675 1074 patria
688 985 823 1064 abolere,
839 982 1017 1051 consultum
1032 985 1131 1050 videri
1144 997 1287 1073 poterat;
1305 1007 1361 1050 nec

318 1072 448 1159 privatis
457 1074 512 1160 -jus
527 1087 593 1138 erat
607 1071 808 1159 religionibus
821 1072 1051 1147 intercedendi3
1075 1071 1182 1160 legum
1196 1084 1305 1138 autem
1319 1071 1361 1137 la·

319 1174 402 1224 tores
423 1160 498 1225 deos
518 1158 636 1247 patrios
656 1159 799 1245 publicos
824 1173 856 1223 et
883 1183 969 1224 sacra
992 1183 1012 1224 a
1037 1159 1207 1246 majoribus
1236 1158 1362 1224 condita

342 1244 446 1310 ublica
459 1246 518 1310 rite
531 1246 631 1312 colere
641 1245 811 1333 jubebant;
827 1245 885 1333 qui
898 1245 944 1309 illi
957 1259 1071 1323 essent,
1082 1268 1145 1310 non
1159 1245 1360 1324 definiebant,

318 1269 400 1396 lbrte
416 1355 473 1398 nec
493 1331 622 1397 definire
643 1346 806 1419 poterant;
829 1332 913 1396 viros
934 1331 1105 1420 prudentes
1126 1331 1271 1396 statuisse
1292 1355 1362 1420 pro-

318 1418 421 1484 babile
441 1419 489 1498 fit,
508 1421 596 1506 quod
619 1418 824 1483 Antisthenes
845 1441 974 1507 quoque
998 1417 1102 1506 palem
1123 1417 1284 1505 professus
1305 1433 1361 1500 est,

316 1507 477 1588 populares
488 1507 558 1570 deos
572 1506 692 1585 maltos,
707 1507 877 1571 naturalem
891 1527 982 1570 naum
996 1527 1079 1569 esse.-
1104 1506 1168 1592 (ap.
1185 1505 1252 1570 Cic.
1265 1508 1307 1571 N.
1318 1509 1359 1574 D.

320 1595 349 1670 Ι,
366 1594 435 1677 13.)
481 1594 608 1657 Interea
628 1605 792 1680 poetarum
813 1593 964 1680 figmenta
981 1591 1022 1656 de
1043 1591 1103 1656 diis
1121 1590 1210 1656 novis
1230 1593 1381 1672 subinde¹

317 1678 432 1745 fabulis
451 1693 544 1744 aucta
565 1679 796 1744 constituerunt
818 1689 999 1766 argenteola
1020 1680 1207 1764 hyrauorom,
1222 1680 1361 1745 saltatio·

274 1770 286 1790 “
318 1788 400 1844 uum,
415 1767 581 1846 chororum,
597 1768 781 1846 dramatum,
800 1787 990 1848 pomparum,
1008 1766 1175 1844 teletarum,
1192 1789 1247 1830 seu
1261 1766 1360 1832 initio·

316 1874 393 1932 mm,
418 1875 475 1939 per
498 1876 579 1940 quae
602 1853 696 1916 etiam
719 1854 862 1938 mysticus
878 1850 1060 1935 fabularum
1084 1873 1187 1916 sensus
1210 1851 1360 1938 inductus

256 1939 258 1946 ’
317 1953 376 2014 est,
392 1938 432 2002 de
447 1962 511 2025 quo
526 1938 626 2003 multa
640 1938 822 2026 disputandi
836 1938 1056 2027 opportunitas
1070 1952 1167 2013 essem
1185 1961 1242 2004 nec
1256 1951 1361 2006 tamen

317 2023 486 2112 quisquam
500 2038 556 2090 aut
570 2039 646 2090 tnnc
660 2025 823 2113 pervidere
836 2024 951 2112 potnit,
962 2038 1019 2089 aut
1032 2044 1117 2089 nunc
1127 2024 1239 2089 docere
1253 2025 1361 2113 possit,

319 2111 478 2198 quomodo
492 2111 610 2176 malum
626 2111 691 2176 sisti
707 2125 830 2210 posset;
854 2111 922 2199 ipsa
939 2111 1095 2177 institutio
1111 2111 1241 2198 puerilis
1256 2137 1276 2176 a
1289 2137 1361 2200 poa

229 2221 231 2226 ·
318 2212 422 2266 tarum
437 2210 468 2262 et
482 2197 515 2261 in
529 2197 578 2261 his
592 2222 612 2263 a
625 2197 766 2286 princrpe
780 2200 923 2263 Homero
939 2197 1070 2264 lectione
1088 2197 1290 2285 procedebat,
1305 2223 1360 2266 nec

318 2283 444 2354 aliunde
459 2284 524 2372 peti
537 2297 668 2372 poterat.
715 2285 795 2350 Inde
809 2285 879 2350 illae
887 2284 1152 2372 ,philosophorum
1164 2283 1229 2349 irae
1243 2285 1278 2349 in
1294 2288 1361 2352 Ho-
1382 2365 1384 2370 Ι

317 2371 619 2459 ωεήὶπιρὶεωῑεῐη,
640 2395 756 2459 eaeque
778 2372 852 2437 satis
867 2372 982 2459 justae.
1027 2372 1163 2448 Eorum,
1177 2395 1260 2522 (puae
1279 2373 1361 2438 dicta

317 2471 402 2537 sunt,
418 2461 576 2524 momenta
591 2458 743 2546 pleraque
761 2459 794 2523 in
809 2458 935 2524 Platon.
951 2459 991 2524 de
1011 2481 1077 2544 rep.
1092 2457 1145 2522 lib.
1163 2459 1181 2521 I
1217 2459 1359 2546 reperies.

317 2545 465 2632 Arripuit
479 2545 555 2612 haec
569 2545 678 2610 eadem
693 2559 724 2610 et
738 2545 800 2610 alio
814 2544 908 2610 modo
922 2544 1131 2633 impugnavit,
1146 2543 1270 2610 fabulas
1289 2569 1361 2635 poe-

315 2643 422 2716 tarum
444 2631 604 2697 irridendo
617 2646 649 2697 et
663 2632 862 2720 exagitando,
878 2631 1061 2704 Lucienus3
1085 2631 1248 2697 constituit
1261 2657 1300 2698 en
1313 2657 1360 2700 res

317 2732 503 2806 argrunenta
523 2716 694 2782 multorum
716 2719 784 2804 ejus
805 2717 1013 2806 dialogorum,
1032 2740 1061 2780 v.
1077 2741 1103 2782 c.
1121 2717 1155 2782 in
1173 2720 1256 2784 Jove
1280 2723 1361 2786 Tra·

315 2803 428 2892 goed0,
445 2802 500 2870 ubi
514 2803 564 2868 vel
578 2803 728 2891 inspicere
738 2804 866 2903 juvabit
878 2829 904 2870 c.
922 2808 973 2871 to.
997 2806 1038 2869 In
1052 2818 1246 2870 contemtum
1260 2808 1365 2882 addu-,

316 2911 385 2956 cere
406 2890 570 2979 religiones
591 2891 650 2956 hac
671 2890 723 2955 via
742 2890 794 2956 rlle
815 2891 930 2979 potuit,
950 2905 984 2956 at
1005 2890 1083 2977 quid
1105 2892 1360 2968 substituendum

317 2991 407 3056 esset,
430 2977 518 3066 quod
541 2977 626 3065 vulgi
650 2977 769 3043 animos
792 2977 971 3044 melioribus
993 2975 1172 3042 notionibus
1193 2977 1359 3060 imbueret,

315 3064 406 3138 haud
417 3063 540 3139 docum
562 3064 853 3155 ephilosaphorum
867 3077 973 3131 autem
988 3062 1099 3129 scholis
1112 3077 1145 3128 et
1159 3062 1360 3153 dogmatibus

315 3151 390 3220 talia
403 3152 521 3220 frustra
534 3152 791 3240 expectaberunt.
1351 3215 1354 3218 .

358 3237 425 3306 Hic
444 3238 624 3306 inciderunt
644 3239 718 3304 boni
740 3240 799 3304 viri
819 3239 853 3304 in
868 3239 1012 3338 aliquam
1033 3239 1116 3304 viam
1138 3263 1174 3304 ac
1195 3236 1358 3322 rationem,

316 3347 381 3412 qua
401 3337 511 3411 poetae
530 3325 704 3404 lectionem,
722 3325 754 3390 ,si
772 3349 845 3392 non*
859 3347 944 3404 omnr
963 3349 1002 3390 ex
1017 3339 1105 3414 parte
1122 3325 1241 3405 utilem,
1256 3327 1359 3393 minus

272 3441 276 3452 ’
316 3424 421 3490 tamen
435 3410 615 3492 damnosum
630 3411 770 3490 moribus
783 3427 816 3478 et
829 3411 971 3500 ingeniis,
987 3413 1172 3487 redderent;
1190 3414 1277 3478 etad
1291 3437 1359 3480 eam

314 3495 495 3584 philosophi
513 3497 681 3578 ducebant,
704 3498 821 3584 quide
846 3522 951 3564 rerum
974 3512 1088 3565 natura
1109 3499 1206 3565 libros
1231 3499 1359 3600 scripse-

313 3597 403 3659 rant;
421 3583 557 3652 mutuati
571 3582 617 3648 illi
629 3597 718 3650 erent
732 3586 907 3674 mythicum
921 3599 1108 3673 apparatum
1122 3609 1162 3650 ex
1176 3585 1364 3673 antiqurori÷

313 3669 375 3736 bus
449 3669 488 3738 tis
502 3670 735 3758 cosmogonicis,
750 3684 782 3737 et
796 3672 956 3759 opiniones
970 3695 1041 3738 suas
1061 3694 1117 3760 per
1134 3672 1192 3736 hos
1206 3672 1289 3759 ipsos
1304 3688 1360 3739 aut

315 3755 381 3823 simi
414 3779 428 3820 s
442 3757 568 3846 mythos
581 3759 704 3845 poetico
713 3781 799 3823 more
813 3757 1031 3837 exhibuerant,
1044 3761 1141 3823 Xeno
1162 3757 1270 3838 hanes,
1283 3762 1361 3826 Par-

313 3842 462 3923 menides,
488 3844 706 3932 Empedocles,
730 3867 868 3932 quorum
897 3845 1073 3931 fragmenta
1096 3782 1162 3908 vel¹
1175 3843 1285 3910 leviter
1313 3846 1359 3913 in-

312 3930 448 4016 spexisse
462 3930 536 3996 satis
556 3945 603 3998 est
621 3931 662 3996 ed
684 3931 743 3996 hoc
764 3931 1002 4018 assequendum.
1048 3933 1121 3996 Hoc
1135 3929 1300 3998 inventum
1314 3931 1359 3998 illi

313 4015 499 4100 transtulere
523 4017 556 4084 in
582 4017 753 4084 Homerica
776 4017 923 4096 earmina,
948 4039 1092 4105 quaeque
1117 4017 1151 4080 in
1173 4017 1211 4082 iis
1233 4031 1359 4084 narrata

312 4115 397 4182 sunt,
413 4125 477 4168 non
492 4127 563 4168 vere
576 4103 622 4168 ita
636 4104 719 4170 dicta
733 4128 799 4170 esse
813 4128 833 4169 a
845 4117 939 4192 poeta
956 4103 1092 4184 aiebant,
1108 4103 1163 4169 sed
1180 4103 1277 4168 latere
1297 4107 1356 4171 sub

311 4187 361 4256 his
375 4189 507 4255 narratis
521 4189 688 4256 sententies
701 4189 834 4272 abditas,
849 4189 944 4256 modo
957 4191 1101 4278 physicas
1115 4190 1209 4255 modo
1227 4190 1353 4270 ethicas,

312 4261 372 4344 diis
386 4276 474 4344 hand
488 4289 551 4341 tam
566 4276 711 4364 indignas
725 4300 820 4364 qnam
835 4301 875 4342 ex
889 4277 1058 4342 enuntiatis
1099 4275 1202 4364 roprie
1223 4300 1295 4342 soce
1318 4277 1355 4342 tis

312 4375 449 4454 putares.
496 4365 547 4431 Ita
561 4364 727 4449 allegoriae
740 4365 772 4427 ia
782 4363 950 4430 Hannonem
963 4375 1034 4428 suat
1048 4301 1161 4428 illiue.
1208 4363 1302 4429 Facie
1341 4377 1354 4428 t
