3008 5056
320 335 386 400 152
681 327 941 404 EXCURSUS-
956 323 1005 396 11.
1031 393 1044 404 ,

320 504 404 570 viros
417 505 526 570 doctos
539 504 582 569 ab
595 502 872 569 animadvertendo
885 503 954 591 ejus
968 524 1029 568 usu
1043 503 1077 566 in
1090 502 1281 567 carminibus
1296 503 1364 567 Ho-

320 591 453 670 mericis,
467 613 578 656 verum
593 590 687 655 etiam
701 589 734 654 in
749 602 960 654 transversum
974 611 1026 654 eos
1041 588 1154 688 egisset
1175 589 1217 654 ad
1238 589 1364 653 commi-

319 677 467 744 niscenda
480 677 542 741 alia
554 676 595 742 ab
609 677 678 775 ipsa
691 699 725 740 re
739 675 856 748 aliena;
880 675 913 740 in
926 675 977 738 bis
990 675 1132 777 inprimis
1150 675 1363 740 acutissimum

319 763 424 828 virum
439 765 563 842 Dawes,
578 786 633 851 qur
649 762 780 827 Aeolico
799 761 958 849 digammo
978 762 1101 827 abacto
1122 761 1365 826 comminiscitur

321 849 466 915 Ionicum
479 874 519 928 w,
534 863 566 913 et
579 849 709 937 pulvere
724 861 848 933 strenue
870 860 956 912 moto
1025 847 1031 860 '
1058 847 1139 912 'nem
1160 847 1301 912 inducit:
1325 847 1363 912 cf.

321 937 391 1000 Bur
431 935 516 1000 asad
531 938 645 1000 Daves
658 957 689 1022 p.
706 933 771 1006 396
785 957 830 1032 sq.

261 1043 265 1052 ·
364 959 479 1086 Allera
498 1043 538 1086 ex
559 1026 649 1110 parte
663 1020 857 1108 grammatici
871 1017 1010 1084 Aeolum
1030 1016 1148 1085 nomini
1162 1018 1294 1084 nimium
1310 1019 1366 1084 ho·

320 1130 429 1173 norem
450 1107 599 1186 habuere,
614 1108 692 1173 dum
714 1106 815 1171 multa
827 1107 861 1170 in
876 1108 1019 1172 Homero
1033 1131 1072 1172 ex
1087 1105 1219 1175 dialecto
1233 1105 1364 1170 Aeolica

320 1195 453 1273 duxere3
464 1194 585 1282 judicio
598 1193 686 1258 haud
700 1194 844 1268 meliore;
869 1215 934 1282 qua
948 1193 1031 1257 enim
1045 1193 1118 1272 fide,
1133 1215 1198 1280 qua
1217 1192 1365 1280 probabi-

319 1281 407 1346 litate
420 1294 515 1368 poeta
529 1281 657 1346 Ionicus
671 1282 712 1345 ab
726 1280 881 1350 Aeolibus
920 1279 991 1344 lura
1012 1293 1171 1344 mutuasse
1192 1278 1365 1343 censendus

320 1371 392 1432 est?
414 1367 512 1466 idque
532 1367 620 1432 nulla
640 1366 681 1431 de
702 1387 820 1445 caussa,
836 1303 924 1430 nulli
944 1365 1147 1430 necessitate?
1172 1367 1277 1431 Immo
1291 1387 1365 1430 vena

319 1453 451 1541 antiqua
463 1453 517 1518 rlla
529 1468 628 1533 erant,
643 1453 781 1540 antiquis
794 1452 905 1539 poetis,
920 1451 1013 1517 etiam
1030 1453 1162 1517 Ionibus
1184 1450 1366 1538 antiquioris

320 1540 391 1618 bus,
418 1539 605 1619 communia,
631 1562 713 1628 quae
739 1551 861 1603 servata
889 1552 964 1602 suut
988 1537 1108 1603 diutius
1132 1539 1174 1603 ab
1199 1538 1362 1604 Aeolibuss

322 1625 375 1690 Ita
390 1628 491 1690 irretita
506 1627 636 1713 Νέστωρ,
651 1649 710 1713 pro
729 1626 849 1702 ἱππότης.
865 1625 995 1707 μητιέτα,
1014 1624 1214 1709 νεφεληγερέτα
1236 1627 1317 1701 Ζεὺς,
1334 1638 1366 1689 et

319 1711 363 1775 sic
383 1711 453 1792 alia,
469 1736 499 1775 v.
516 1735 542 1776 c.
585 1712 649 1776 uod
671 1735 761 1776 casus
783 1710 938 1776 secundus
957 1710 989 1774 in
1009 1729 1038 1790 ot
1058 1711 1229 1775 foraretur:
1252 1712 1363 1791 Ἰλιόφι,

320 1799 431 1876 isidor,
446 1803 613 1884 ἂςιστεροφι.
630 1822 712 1885 quae
725 1797 857 1862 Aeolica
870 1819 936 1861 esse
950 1797 1079 1871 volunt;
1104 1811 1141 1862 ut
1156 1796 1315 1884 Dyscolus
1333 1797 1365 1862 in

320 1885 533 1994 App3Maitt.
555 1907 586 1972 p.
604 1887 668 1949 ⁴164
682 1886 720 1948 Β.
754 1883 910 1971 Antiqua,
926 1905 990 1947 non
1011 1883 1143 1948 Aeolica
1164 1883 1259 1948 modo
1281 1897 1365 1962 sunt,

320 1989 438 2051 φαεννος.
464 1970 573 2049 ativae,
589 1993 661 2034 nam
684 1970 790 2058 plures
804 1984 893 2034 erant
906 1969 1036 2044 formae,
1053 1969 1148 2033 κτίνω.
1165 1970 1274 2034 ativae.
1291 1971 1364 2034 arsi*

320 2081 365 2119 so.
411 2053 551 2121 Permoti
577 2069 681 2122 tamen
705 2057 755 2120 his
778 2055 927 2120 Aeolicae
950 2055 1084 2134 dialecti,
1108 2071 1204 2142 quam
1227 2055 1367 2120 credide
1432 2117 1436 2124 .

320 2155 406 2221 runt,
422 2142 571 2240 vestigiis,
586 2142 638 2206 alii
653 2167 690 2207 eo
704 2143 864 2221 devenere,
883 2156 920 2207 ut
938 2143 1115 2206 Homerum
1137 2141 1267 2207 mallent
1282 2145 1367 2207 Aeo

319 2227 437 2292 lenscm
465 2228 562 2293 fuisse
589 2229 756 2303 credere=;
788 2228 905 2315 quibus
936 2227 1070 2326 praeivit
1100 2241 1210 2293 auctor
1240 2228 1367 2316 ineptus

321 2313 411 2379 Vitae
438 2314 582 2394 Homeri,
609 2315 767 2380 Herodoti
795 2314 920 2379 nomine
944 2314 1036 2384 mscri
1060 2327 1120 2393 tae,
1146 2313 1202 2402 qui
1226 2314 1364 2402 ineptius

319 2400 412 2464 etiam
435 2401 545 2466 inscita
565 2401 819 2490 interpretatione
842 2423 903 2464 ves.
921 2399 993 2464 462.
1095 2401 1135 2465 Il.
1152 2407 1188 2464 A.
1211 2415 1365 2466 msertum

319 2509 413 2551 suum
437 2487 594 2553 declarare
617 2505 756 2554 conatur.
801 2487 879 2552 Alio
901 2509 1004 2551 errore
1029 2486 1150 2586 abrepti
1172 2487 1367 2574 grammatici

319 2596 357 2636 eo
371 2573 535 2651 devenere,
551 2587 588 2638 ut
603 2577 779 2640 Homerum
802 2574 978 2663 promiscue
999 2572 1138 2637 dialectis
1155 2572 1249 2636 variis
1272 2597 1365 2638 usum

319 2671 352 2722 et
366 2683 425 2746 pro
438 2660 540 2724 lubito
556 2661 652 2724 modo
671 2685 711 2725 ex
730 2662 789 2726 hac
808 2661 903 2725 modo
917 2683 956 2724 ex
971 2659 1041 2738 alia,
1056 2658 1149 2723 etiam
1164 2659 1286 2737 Attica,
1302 2660 1367 2724 dia

319 2743 418 2823 lecto,
434 2745 550 2832 quibus
573 2769 654 2833 opus
679 2747 818 2826 baberet,
845 2760 1026 2811 mutuatum
1040 2767 1128 2824 esse,
1155 2744 1213 2808 sibi
1238 2767 1367 2832 persua-

319 2831 439 2897 derent.
485 2832 590 2896 Immo
598 2855 678 2896 vero
691 2833 744 2898 ille
761 2855 837 2897 usus
855 2846 902 2896 est
921 2855 1061 2897 sermone
1075 2831 1131 2918 qui
1146 2845 1213 2896 tum
1229 2845 1298 2896 erat
1312 2855 1366 2896 au-

319 2917 481 3005 tiquorum
567 2933 691 2994 tarum;
718 2919 881 2983 exolevere
902 2919 972 2997 alia,
996 2918 1058 2982 alia
1081 2940 1222 2982 mansere
1246 2917 1282 2981 in
1306 2941 1367 2984 usu

319 3003 469 3082 Aeolum,
483 3027 503 3067 a
526 3028 545 3068 a
560 3007 696 3084 Dorum,
711 3004 772 3068 alia
786 3005 976 3070 Atticorum.

263 3109 267 3116 '
363 3093 447 3155 Cum
462 3090 621 3177 digamma
634 3113 800 3156 commune
821 3105 901 3156 esset
922 3088 1150 3176 antiquioribus
1165 3089 1365 3170 Hellenibus,

318 3176 449 3263 ejusque
471 3200 548 3241 usus
571 3201 631 3264 pro
653 3176 783 3241 diversis
808 3177 910 3264 gentis
932 3175 1092 3263 stirpibus,
1113 3188 1291 3262 temporum
1313 3178 1367 3242 de·

318 3285 424 3340 cursu,
448 3263 570 3327 varius:
594 3263 710 3328 mirum
733 3285 796 3328 non
822 3276 880 3341 est,
903 3262 928 3326 si
950 3284 1013 3326 non
1036 3261 1151 3341 omnia,
1173 3285 1255 3349 quae
1277 3264 1365 3350 apud

318 3347 434 3416 Aeoles
457 3362 579 3416 servata
598 3362 684 3430 stant,
700 3361 870 3418 occurrunt
891 3371 1018 3440 quoque
1031 3347 1066 3412 in
1081 3349 1239 3414 Homeros
1263 3372 1367 3420 serva
1412 3386 1414 3391 ·

349 3601 361 3625 ¹
377 3591 485 3640 Multum
496 3607 592 3657 qnoque
608 3594 635 3642 in
651 3595 698 3644 boc
710 3594 823 3644 laborare
863 3593 987 3641 Homems
997 3592 1102 3641 Troadis
1113 3598 1138 3640 et
1153 3606 1233 3640 rernm
1245 3593 1367 3656 Troiana·

316 3655 388 3704 video
399 3659 566 3708 notatissimum
575 3660 655 3708 virum
667 3660 822 3708 Richent·
862 3673 917 3706 rum
940 3659 1054 3706 notitiam
1076 3657 1192 3717 baberet,
1219 3659 1249 3705 ad
1272 3660 1367 3722 digam-

315 3719 356 3770 lei.
371 3729 399 3770 ut
410 3722 507 3780 efficiat,
520 3725 656 3773 Homerum
667 3725 750 3774 Ionica
761 3725 822 3773 scri-
862 3737 929 3772 mum
943 3723 1002 3770 nihil
1013 3721 1175 3777 iaciasiacias
1185 3723 1234 3770 lata
1243 3723 1369 3785 dispersos

315 3785 457 3847 ptissased
471 3803 501 3836 ex
514 3790 630 3838 Aeoiibns
647 3791 729 3839 fuisse.
761 3790 820 3838 Pro·
862 3803 905 3850 per
928 3802 997 3836 oram
1026 3787 1146 3835 habitasse
1173 3789 1232 3834 satis
1259 3797 1365 3838 constat.

314 3859 389 3899 vocat
398 3853 429 3900 ad
440 3853 584 3902 Strabonem
595 3853 683 3916 psat.
696 3853 782 3916 (XIII,
794 3870 819 3917 p.
861 3852 919 3902 Fuit
939 3867 1035 3914 quoque
1058 3852 1165 3915 Smyrna
1185 3852 1317 3912 aliquando
1338 3854 1365 3902 ia

315 3915 374 3979 872)
388 3917 596 3978 “quiAsolenaas
606 3919 818 3980 postijamca-
859 3932 944 3967 eorum
967 3923 1101 3978 potcstate3
1128 3916 1193 3963 uude
1214 3917 1364 3966 Mimnermo

314 3985 333 4074 :1
346 3983 819 4108 tristissumum
859 3984 926 4098 m

647 4081 656 4106 ,
960 4082 967 4095 .
1028 4081 1034 4094 .
1064 4079 1071 4092 .

313 4112 332 4139 “
344 4110 408 4159 forte
419 4126 480 4160 ansa
495 4112 529 4159 sit
539 4113 648 4160 Homero
660 4113 776 4162 Aeolensi
787 4115 817 4163 de
833 4104 836 4109 ¹
858 4083 1004 4162 alia’urbes
1014 4113 1089 4160 ctiam
1102 4110 1195 4160 Comen
1208 4111 1364 4173 assignarant

313 4178 332 4208 ‘⁴
344 4174 420 4236 Troja
441 4175 575 4225 scribendi:
596 4177 651 4226 vide
671 4185 697 4226 at
718 4194 742 4240 p.
759 4179 816 4226 586.
857 4179 961 4238 patriam
981 4178 1026 4240 οὐχ
1045 4173 1230 4236 damnabas,
1249 4184 1278 4224 ut
1296 4176 1361 4226 idem

311 4239 590 4290 “6⁰0.5.610.622.”
619 4243 717 4292 ltaiile.
745 4243 817 4291 Patet
856 4243 893 4290 ait
908 4258 932 4305 p.
944 4243 1001 4292 92⁴.
1035 4243 1127 4292 Verum
1144 4255 1175 4288 ex
1192 4241 1229 4288 bis
1245 4240 1362 4291 nibil-eis

311 4317 343 4356 ax
357 4303 427 4364 locis,
444 4302 496 4360 ficri
513 4307 584 4360 facile
600 4309 708 4376 potuisse
724 4307 769 4372 sic,
788 4315 816 4361 ut
856 4307 896 4360 fici
906 4314 988 4376 potest
998 4309 1063 4376 quod
1074 4305 1135 4362 satis
1147 4306 1245 4360 firmum
1255 4306 1295 4360 sit.
1353 4335 1356 4348 ·
