2998 5052
300 398 364 462 204
697 389 949 458 Excessus

300 567 443 634 Hesiodo
457 565 625 632 Acusilaus
639 587 697 631 sua
719 561 865 632 namatus
881 564 1085 653 exscripsisse.
1130 560 1276 630 E'venere
1289 560 1346 656 its-

206 717 209 726 ,
290 653 363 744 'que
377 654 460 720 duo:
484 653 629 734 alterum,
651 666 690 719 ut
712 653 813 718 omnis
827 675 929 718 sermo
941 651 1094 740 poeticus,
1110 649 1271 740 epicorum
1286 647 1347 713 uti:

300 765 363 831 que
377 754 553 830 poetarum,
568 740 608 805 ad
631 739 769 806 carmina
782 739 837 804 illa
849 739 980 826 antiqua
994 761 1026 804 se
1044 750 1256 826 componeret,
1272 733 1348 800 slte-

299 827 372 894 rum
395 827 467 894 uti
545 827 645 892 oratio
666 826 800 891 sermoni
817 825 939 914 poetico
961 848 1018 914 per
1040 824 1176 890 multum
1198 820 1349 914 temporis

300 927 380 980 esset
395 910 460 980 sim'
487 915 559 994 ma,
574 936 633 978 nec
646 913 705 978 nisi
720 913 819 978 serius
829 912 942 978 sensim
956 913 997 978 ab
1008 936 1046 978 eo
1060 911 1226 978 recederet.
1272 911 1296 973 J
1297 931 1349 973 am

300 1001 389 1090 p'rius
402 1000 482 1066 illud
496 999 697 1066 manifestum
707 1001 745 1064 fit
758 999 989 1088 comparatione
998 1012 1163 1090 poeturrmr
1173 997 1352 1086 epicorum,

301 1086 357 1175 qui
370 1087 412 1152 ad
426 1109 685 1175 nospervenere3
710 1086 850 1152 omnium
866 1085 948 1150 enim
963 1086 1063 1151 oratio
1095 1083 1215 1149 roxime
1228 1081 1350 1148 accedit

300 1174 342 1240 ad
357 1175 570 1254 Homericam,
585 1172 842 1272 quandoquidem
857 1195 896 1237 ex
915 1171 1084 1260 antiquiori
1107 1195 1144 1238 us
1158 1169 1351 1236 carminibus

302 1262 472 1327 Homerica
483 1262 611 1326 fuerant
618 1259 755 1348 propitia
765 1258 871 1347 aliqua
878 1260 1007 1324 fortuna
1017 1269 1147 1324 servata.
1183 1259 1368 1344 Quotquot

300 1347 476 1436 comparavi
491 1348 679 1437 cyclicorum
694 1359 726 1411 et
748 1346 964 1435 guomicorum
978 1359 1144 1496 poetarum
1157 1343 1349 1432 fragmenta,

291 1435 419 1524 ubique
448 1433 540 1500 rideo
561 1433 732 1499 orationem
754 1433 957 1520 compositam
994 1431 1074 1498 uisse
1096 1431 1137 1496 ad
1165 1429 1350 1519 exemplum

301 1522 529 1597 Homericum
563 1523 741 1609 fragmenta
769 1519 926 1600 Pisandri,
957 1518 1120 1606 Panyasis,
1150 1516 1350 1596 Antimachi,

300 1632 365 1674 non
378 1607 439 1676 alia
452 1609 584 1684 docent;
607 1608 693 1672 hunc
707 1606 847 1694 quidem,
859 1605 1097 1686 Antimachum,
1112 1605 1254 1694 inquam,
1266 1603 1352 1668 inter

300 1709 557 1762 commentatores
578 1693 712 1759 Homeri
734 1693 859 1760 indocte
879 1693 1014 1758 relatum
1036 1715 1101 1758 esse
1122 1691 1264 1780 suspicor
1276 1714 1352 1779 pro-

300 1795 373 1871 pter
384 1784 445 1847 hoc
458 1783 573 1872 ipsum,
590 1780 677 1870 quod
692 1780 788 1846 verbe
810 1780 982 1846 Homerica
995 1779 1137 1867 religiose
1151 1792 1274 1844 servata
1287 1778 1352 1842 fre-

301 1883 453 1956 quentare
479 1869 588 1934 solitus
616 1867 693 1947 erat,
718 1865 803 1931 unde
827 1867 959 1955 intelligi
981 1878 1096 1955 posset,
1119 1865 1198 1955 quid
1220 1865 1289 1954 ipse
1305 1862 1351 1930 le·

300 1955 404 2044 gisset·.
450 1958 630 2021 Occurrunt
652 1977 725 2018 sane
746 1953 908 2034 nonnulla,
930 1967 987 2020 aut
1011 1966 1122 2042 poetae
1143 1953 1259 2041 cuique
1276 1975 1351 2041 pro-

301 2042 381 2130 pria,
409 2055 467 2108 aut
495 2041 599 2108 minus
627 2041 791 2106 emendate
814 2040 939 2128 scripta,
962 2054 1019 2107 eut
1047 2063 1088 2128 pe
1144 2063 1212 2104 ram
1234 2039 1274 2104 iis
1292 2039 1351 2104 ad‘·

301 2129 434 2217 scripta3
459 2130 550 2193 utin
582 2126 767 2193 Simonideis
790 2123 1083 2193 occurrunt‘nonn'
1116 2151 1136 2191 a
1160 2125 1290 2206 Dorica,
1316 2125 1350 2190 in

304 2214 493 2306 Theognide
516 2215 625 2280 Attica
648 2228 680 2280 et
708 2215 886 2279 communie
903 2214 1101 2304 pedestribus
1127 2212 1349 2303 scriptoribus;

301 2301 510 2368 Alexandrini
539 2315 645 2367 autem
733 2315 783 2366 tae
807 2301 875 2389 jam
904 2325 1033 2390 coepere
1061 2300 1221 2366 doctrinae
1246 2313 1352 2365 osten-

300 2390 416 2455 ‘tandae
432 2388 536 2454 studio
550 2325 743 2455 confunddree
763 2388 913 2454 sermonis
926 2409 1043 2477 genera
1057 2402 1089 2453 et
1110 2397 1214 2454 usum.
1261 2390 1351 2467 Quae
1407 2401 1410 2405 ’

301 2477 326 2541 si
352 2476 458 2541 auiino
484 2481 685 2565 ¹reputamus:
710 2483 773 2541 non
802 2488 867 2540 tam
897 2475 1043 2541 Ionicum
1065 2475 1151 2540 hunc
1176 2497 1349 2540 sermonem

301 2565 464 2652 poetarum
481 2587 546 2628 esse
560 2562 795 2652 appellandum,
811 2562 866 2628 sed
879 2562 1048 2650 poeticum,
1064 2562 1105 2644 ab
1119 2560 1351 2650 antiquioribus

325 2651 523 2738 repagatum,
543 2651 785 2715 consentaneum
805 2663 871 2714 esse
889 2649 1027 2715 videtur.
1073 2651 1150 2738 Ipso
1171 2661 1352 2737 temporum

301 2672 437 2801 decursu
452 2736 553 2800 multa
566 2750 688 2802 mutata
702 2737 738 2800 a'e
752 2750 867 2802 novata
885 2759 951 2802 esse
965 2735 1056 2802 facile
1074 2749 1239 2836 expectes3
1264 2759 1352 2800 max-

301 2822 363 2888 ime
385 2835 490 2888 tamen
514 2845 572 2912 per
596 2846 679 2889 nova
706 2847 834 2911 poeseos
861 2846 977 2912 genera
1005 2822 1174 2889 studiosrus
1198 2822 1350 2898 exculta}

227 2983 231 2986 ,
301 2909 404 2998 primo
417 2910 546 2998 quidem
563 2911 698 2996 lyricum,
714 2910 877 3010 multoque
899 2910 999 2998 magis
1013 2911 1237 2976 dronroticum:
1258 2910 1351 3010 cujus

301 2997 424 3086 generis
445 2998 590 3086 exempla
611 3021 684 3064 cum
699 3021 763 3062 non
778 2997 839 3061 ‘nisr
864 2997 973 3062 Attica
995 2997 1037 3062 ad
1059 3018 1117 3062 nos
1138 3001 1351 3085 pervenennt,

301 3084 486 3150 mirabimur
506 3106 546 3149 ne
567 3107 692 3150 omnem
720 3085 890 3149 orationem
920 3083 1122 3150 dramaticam
1146 3083 1189 3149 ad
1214 3084 1352 3150 Atticam

301 3170 469 3236 dialectum
499 3195 564 3236 esse
586 3176 820 3260 comparatam?
843 3194 979 3258 cumque
1003 3171 1147 3236 omnium
1175 3170 1352 3236 litterarum

302 3258 390 3322 sedes
404 3258 541 3322 Athenis
560 3270 640 3322 esset
658 3258 838 3338 constituta,
854 3258 1000 3323 Atticum
1022 3279 1206 3338 sermonen,
1221 3257 1265 3322 ad
1285 3282 1352 3324 om·

302 3367 374 3409 nem
392 3343 576 3431 elegantiam
596 3344 768 3424 excultum,
783 3345 910 3410 taudem
932 3368 991 3433 pro
1013 3345 1107 3411 unico
1124 3343 1270 3433 exemplo
1289 3369 1352 3411 ser-

302 3429 403 3496 monis
419 3430 534 3495 Graeci
546 3431 733 3497 venustioris
746 3431 891 3498 habitum
902 3432 996 3497 esse?

346 3518 473 3597 Quirite
490 3532 597 3584 autem
616 3515 765 3584 sermonis
781 3518 915 3585 mutatio
928 3519 997 3607 ipso
1019 3543 1079 3584 usu
1092 3533 1126 3584 et
1143 3518 1253 3585 ‘studio
1266 3519 1351 3586 intra

302 3628 365 3670 uon
383 3607 541 3706 magnum
564 3605 712 3694 temporis
733 3601 868 3694 spatium
892 3606 1056 3672 succedere
1076 3607 1185 3694 possit,
1208 3605 1268 3672 etsi
1292 3629 1351 3672 nos

301 3691 360 3780 ipsi
374 3691 468 3780 patni
483 3691 633 3758 sermonis
646 3692 744 3758 nostri
758 3691 904 3782 exemplo
916 3693 989 3758 satis
1000 3715 1108 3758 sumus
1122 3691 1235 3772 edocti,
1251 3693 1351 3760 Attici

301 3792 406 3844 tamen
425 3779 586 3857 sermonis,
600 3779 698 3867 vulgo
717 3779 885 3846 dialectum
899 3780 1041 3846 Atticam
1064 3803 1106 3868 ep
1146 3779 1221 3844 llare
1236 3779 1350 3860 solent,

300 3865 480 3953 exemplum
503 3864 554 3930 vel
578 3865 713 3930 maxime
735 3866 835 3932 docet.
880 3868 1069 3954 Progressus
1094 3867 1100 3880 '
1127 3891 1145 3932 e
1167 3867 1208 3932 ab
1238 3867 1352 3932 lonico

300 3977 452 4033 sermone,
468 3976 540 4018 nam
558 3951 646 4018 nulla
668 3953 730 4017 alia
742 3966 833 4019 vetus
852 3953 962 4019 Attica
984 3953 1136 4019 dialectus
1161 3965 1227 4020 erat
1275 3977 1351 4019 uam

286 4055 288 4058 ’
301 4039 420 4121 ionica,
435 4040 523 4128 quod
537 4045 577 4104 ex
590 4038 666 4128 ipsis
684 4063 790 4105 rerum
804 4039 969 4123 muralibus
982 4045 1114 4120 constat,
1129 4043 1226 4128 quani
1280 4064 1351 4105 ver-

222 4129 225 4136 ’
300 4151 366 4194 sam
380 4127 491 4194 faciem
504 4126 643 4192 induisse
657 4126 756 4192 videri
766 4127 875 4208 debet,
891 4140 929 4192 ut
939 4128 1069 4193 tandem
1088 4149 1202 4192 novem
1216 4150 1349 4215 prorsus

299 4212 436 4281 indolem
450 4226 621 4281 assumeret
635 4226 667 4278 et
680 4219 836 4301 pronora
847 4236 882 4279 ac
894 4213 1159 4279 diversissimas
1166 4213 1346 4279 haberetur.

184 4321 186 4325 ·
301 4304 354 4368 Ita
378 4323 551 4368 sermonem
574 4299 743 4400 lyricorum
762 4300 982 4389 antiquiorem,
1004 4302 1092 4388 quod
1114 4315 1147 4366 et
1170 4299 1349 4388 fragmenta

301 4386 469 4468 declarant,
484 4388 516 4452 in
537 4411 650 4454 seuere
666 4387 805 4456 Pindaro
819 4386 943 4455 tandem
960 4388 995 4456 in
1012 4388 1181 4456 dialectum
1196 4387 1345 4456 Doricam
