2998 5052
483 367 551 432 AD
574 365 723 434 ILIAD.
746 372 787 432 Ω.
1093 373 1159 441 287

114 533 177 600 tiss·
190 536 293 602 multo
306 535 476 603 auctiorem
491 562 509 603 e
522 539 591 604 ood.
603 538 758 609 Etcuriall
768 537 815 622 (m
825 539 996 604 Bibliothelr
1009 543 1062 604 der
1076 541 1161 606 alten

115 621 288 708 Litterotwr
298 625 361 688 aad
371 625 472 689 Kanrt
486 626 513 689 1.
526 625 619 691 Sraclr
627 625 683 690 ubi
696 627 738 691 cl.
751 628 877 712 Notas.)
902 628 942 692 In
953 627 1003 692 his
1012 627 1160 694 omnibus

113 708 191 773 nihil
208 710 355 789 habetur,
371 711 458 798 quod
475 711 517 776 ad
531 712 652 777 veriora
664 737 701 778 ac
715 712 847 778 ceruora
858 713 971 778 ducat:
996 713 1055 778 nisi
1070 715 1159 800 quod

112 794 145 858 in
155 797 257 862 altero
270 797 357 862 locus
367 811 413 862 est
423 796 464 862 de
477 797 525 877 iis,
537 798 593 886 qui
608 798 738 864 diversis
750 799 850 864 modis
859 800 900 864 de
910 800 1013 886 patria
1023 799 1157 865 Homeri

112 882 308 948 tradiderant
318 886 403 948 2-ri
422 884 498 968 γένος
518 890 594 949 κατὰ
613 886 664 968 μὲν
678 884 815 972 Πίνδαρον
830 885 994 970 Σμυρναῖος·
1010 891 1085 952 κατὰ
1100 887 1156 952 Σο·

113 969 228 1052 paulina
239 975 316 1045 Χῖος.
333 974 409 1034 κατὰ
424 971 451 1034 δὲ
465 970 641 1056 Ἀντίμαχον
656 973 704 1035 aul
715 969 870 1059 Νίκανδρον
882 973 1063 1050 Κολοφώνιος·
1079 977 1156 1036 κατὰ

114 1056 141 1118 δὲ
165 1055 348 1142 Βακχυλίδῃ
374 1059 422 1120 καὶ
444 1057 641 1144 Ἀροοτοτέληο
663 1058 710 1120 riv
733 1056 878 1140 φιλόσοφον
902 1057 1000 1135 Ἰήτης.
1026 1063 1104 1122 κατὰ
1127 1061 1155 1126 bi

106 1139 229 1226 Ἔφορον
243 1143 292 1206 καὶ
308 1143 369 1218 τοὺς
384 1145 533 1254 {propresis
549 1144 603 1227 (ex
618 1142 769 1253 Ephoro)
783 1147 917 1251 Kopaiog.
931 1149 1017 1250 ἱοιοιτοὶ
1033 1145 1060 1206 δὲ
1074 1144 1154 1255 'Api'-

113 1229 462 1397 immittit?
475 1231 1157 1400 {hiliissllffhii‘iiffilii

112 1403 229 1479 Θηβῶν.
267 1400 372 1466 Facile
385 1414 433 1466 est
450 1401 492 1465 ad
505 1401 745 1488 assequendum,
760 1401 818 1466 has
831 1399 992 1488 opiniones
1005 1401 1119 1488 partim
1134 1427 1155 1466 a

112 1486 234 1572 patriae
249 1486 365 1565 studio,
380 1487 550 1573 partirier
572 1487 688 1586 ingenii
706 1486 791 1566 lusu,
806 1487 921 1575 partim
940 1509 979 1551 ex
996 1487 1157 1553 auditione

112 1571 245 1659 antiqua
263 1574 304 1638 de
317 1571 546 1660 rhapsodorum
565 1574 797 1640 recitationibus
815 1597 880 1638 esse
899 1585 996 1638 natas.
1042 1574 1157 1639 Mirari

111 1657 195 1736 licet,
212 1659 247 1723 id
260 1659 347 1746 quod
360 1659 500 1724 omnium
514 1659 742 1747 ineptissimum
753 1673 810 1738 est,
819 1660 860 1725 de
870 1659 1044 1746 aenigmate
1058 1660 1156 1748 pisca-

113 1757 220 1808 torum
235 1747 378 1810 Homero
391 1745 561 1832 proposito,
575 1746 716 1810 omnium
730 1769 796 1824 esse
809 1745 1068 1832 vulgatissimum.
1092 1747 1155 1812 His

112 1830 318 1917 adjungenda
333 1833 397 1896 vito
413 1832 445 1894 in
466 1831 562 1896 Saida
576 1831 701 1920 ’Όμηρος
715 1846 748 1896 et
762 1833 900 1898 auara
913 1855 947 1920 p.
962 1835 1035 1898 320.
1080 1833 1156 1898 Alia

112 1929 289 2002 praetereo:
313 1917 400 1982 Nihil
416 1915 449 1982 in
462 1917 511 1982 his
525 1931 581 1996 est,
598 1917 684 2003 quod
703 1931 817 1982 certam
836 1929 868 1982 et
886 1917 1079 1983 fructuosam
1100 1943 1155 1987 no·

111 2001 229 2066 tionem
254 2025 374 2082 eorum,
400 2025 482 2090 quae
505 2003 547 2067 ad
573 2001 751 2068 Homerum
776 2018 928 2090 spectant,
954 2005 1153 2092 suppeditet3

111 2101 169 2152 nec
182 2089 284 2176 magis
297 2089 331 2154 in
344 2090 392 2167 iis,
402 2113 483 2177 quae
496 2090 585 2176 apud
601 2091 786 2156 Strabonem
800 2103 833 2154 et
846 2091 1033 2154 Pausaniam
1049 2115 1157 2156 occur-

112 2188 197 2240 runt
229 2175 377 2240 Narratio
391 2175 520 2274 antiqua
534 2176 575 2239 de
590 2177 750 2240 calamiae
764 2199 831 2240 cnm
846 2175 981 2242 Heairdo
994 2177 1035 2242 ab
1048 2177 1156 2264 inepto

112 2262 317 2410 grammatico
337 2261 486 2350 singulari
504 2261 609 2326 libello
627 2261 770 2350 plurimis
789 2263 970 2328 commentis
985 2276 1031 2328 est
1045 2263 1155 2352 ampli-

135 2360 215 2412 cata.
1006 2369 1011 2379 ·

156 2432 302 2498 Vidimus
321 2433 384 2498 fide
403 2433 551 2498 historica
570 2433 699 2500 destitui
712 2432 864 2521 quicquid
880 2432 921 2497 de
936 2434 1078 2498 Homero
1093 2447 1155 2500 tra-

112 2519 217 2584 ditum
231 2531 288 2597 est,
304 2520 391 2606 quod
405 2519 506 2584 multo
520 2520 619 2608 magis
632 2539 672 2584 ex
687 2544 725 2584 eo
738 2531 880 2607 apparet,
895 2518 982 2606 quod
997 2518 1101 2606 primo
1114 2522 1156 2587 ab

113 2605 268 2670 historicis
292 2605 326 2669 in
349 2606 562 2692 quaestionem
587 2618 634 2672 est
656 2619 813 2684 vocatum,
835 2603 876 2670 de
896 2605 1100 2693 temporibus,
1122 2607 1155 2672 in

137 2692 234 2757 uibus
254 2690 306 2756 ille
326 2691 414 2757 vixit
459 2691 611 2757 Alienum
625 2715 645 2758 a
658 2691 785 2758 oonsilio
806 2705 896 2772 esset,
917 2706 989 2780 post
1010 2706 1057 2758 tot
1073 2693 1158 2760 viros
1226 2707 1230 2714 ’

111 2715 306 2848 doctissimos
331 2770 445 2842 iterum
468 2778 502 2842 in
526 2779 607 2844 hanc
629 2779 842 2866 quaestionem
867 2778 1053 2848 descendere
1076 2777 1157 2846 velle

112 2877 169 2929 aut
187 2863 290 2930 varias
310 2863 454 2950 epochas,
474 2887 554 2952 quas
573 2865 757 2930 constitutas
777 2864 921 2952 legimus,
939 2887 1156 2946 annumerare,

113 2975 195 3040 quae
216 2951 282 3016 fere
302 2949 392 3014 annis
413 2963 485 3037 post
504 2950 623 3027 bellum
643 2951 831 3038 Trojanum,
854 2964 979 3038 tempus
999 2963 1031 3014 et
1051 2951 1156 3038 ipsum

112 3060 227 3126 parum
240 3047 372 3116 certum,
388 3049 457 3100 tum
471 3037 560 3103 auris
573 3050 646 3102 ante
656 3037 877 3124 Olympiadem
891 3050 923 3100 et
937 3049 1009 3102 ante
1019 3039 1155 3109 Romam

112 3123 272 3189 conditam
292 3122 415 3188 definiri
437 3123 555 3199 soleam
578 3147 635 3188 uec
657 3123 716 3188 nisi
737 3122 1009 3210 exprobabilibus
1029 3123 1156 3195 rationi-

112 3211 185 3292 bus,
199 3209 295 3274 modo
309 3209 479 3290 ariolando,
494 3210 590 3276 modo
603 3205 823 3275 ratiocinando.
848 3209 989 3275 Varietas
1001 3208 1079 3283 haec
1091 3233 1155 3275 non

113 3296 210 3360 modo
230 3307 379 3360 testatum
401 3296 476 3362 facit
494 3297 565 3376 hoc,
580 3297 667 3383 quod
688 3298 726 3359 de
739 3297 805 3379 ipso
819 3293 953 3360 Homero
967 3295 1054 3359 nulla
1072 3313 1157 3361 certa

113 3384 199 3447 fama
213 3380 380 3470 superfuit,
396 3405 503 3447 verum
519 3383 552 3447 id
566 3382 671 3470 ipsum
685 3405 729 3471 qu
773 3403 823 3460 ue,
835 3381 923 3468 quod
936 3401 992 3448 aec
1006 3383 1044 3445 de
1057 3387 1158 3448 octale

115 3469 283 3534 cariniacum
307 3465 383 3532 certi
405 3468 525 3556 aliquid
548 3468 694 3536 constitit
775 3465 906 3550 alierum
929 3479 1069 3532 nostrum
1093 3491 1157 3534 me-

113 3554 191 3618 mini
212 3567 387 3634 autumare,
405 3555 538 3620 Iliadem
559 3569 632 3620 ante
654 3553 895 3618 Heraclidamm
914 3551 947 3616 in
963 3552 1157 3640 Peloponne-

113 3661 185 3706 sum
204 3639 342 3704 reditum
363 3653 540 3706 contextam
561 3663 627 3705 esse
644 3640 768 3717 debere,
784 3639 860 3726 quia
878 3637 956 3702 nihil
975 3637 1091 3704 dehac
1110 3661 1157 3706 re-

113 3731 186 3792 rum
197 3725 396 3790 conversione
406 3725 439 3791 in
451 3751 488 3791 ea
498 3740 701 3800 memoratum
718 3747 799 3812 quae
813 3725 1042 3812 argumentatio
1055 3727 1158 3814 primo

113 3837 171 3902 per
186 3837 219 3878 se
233 3811 352 3876 nullam
364 3811 428 3877 vim
442 3813 548 3893 habet,
559 3811 635 3901 quia
648 3825 758 3899 poetae
773 3824 806 3875 et
818 3810 956 3876 historici
970 3833 1034 3876 non
1049 3813 1157 3877 eadem

114 3911 190 3964 sunt
204 3912 380 3966 muneraet
394 3914 517 3986 partes3
540 3921 635 3987 porro
649 3918 800 3984 quorsum
820 3909 922 3996 poeta,
939 3899 994 3985 qui
1009 3897 1169 3964 derebus

114 3981 265 4072 Trojanis
279 3985 419 4064 canebat,
436 3986 551 4051 seriora
564 3983 734 4050 immiscere
755 3997 812 4050 aut
830 3995 968 4050 mtexere
988 3983 1156 4064 debuisset,

115 4091 197 4159 quac
211 4070 290 4136 nihil
305 4093 378 4135 cum
392 4071 430 4135 iis
448 4071 605 4137 habebant
624 4075 811 4136 commune?
833 4071 937 4158 ipsum
951 4093 1074 4135 carmen
1088 4094 1156 4134 ver.

113 4171 201 4223 satur
223 4157 256 4220 in
278 4157 372 4221 rebus
394 4157 628 4246 Pelopidarum,
645 4177 780 4244 quorum
801 4154 964 4244 progenies
983 4177 1040 4242 per
1055 4158 1157 4220 Hera

113 4243 209 4310 clidas
225 4242 443 4332 Peloponneso
456 4245 566 4310 cedere
579 4255 686 4322 coacta
700 4256 765 4322 θεῖς
788 4265 869 4329 quae
884 4239 994 4326 eadem
1011 4265 1060 4310 res
1075 4242 1172 4328 inter¹
