2998 5052
330 375 395 446 ars
546 363 874 448 uxcunsus'n.
905 379 1076 446 sucum
1100 379 1158 445 ιν.

334 571 407 614 men
429 571 493 614 non
514 549 665 616 lmbemus
685 553 773 640 quod
794 537 909 640 ponere
927 550 1029 631 liceat,
1043 551 1103 617 nisi
1116 552 1199 617 forte
1215 551 1296 616 hoc:
1319 547 1380 614 illis

335 649 399 701 tem
442 635 529 702 ribus
553 638 690 724 primum
716 637 898 738 rhapsodias
927 637 1111 704 Homericus
1139 638 1285 704 Athenas
1313 659 1380 701 esse

335 744 393 872 per
424 733 471 786 tas
494 736 526 787 et
550 747 570 788 a
593 723 757 824 rbapsodis
780 747 821 823 m·
843 723 1069 789 Panathenaeis
1097 748 1164 790 esse
1188 724 1379 794 decantatas.

337 809 1383 994 mffisslltlfflttlttll‘it”mittititti

336 980 392 1044 uni
418 982 605 1069 Hipparcho
628 1005 678 1047 res
702 981 871 1060 tribuitur;
897 983 965 1070 jam
993 995 1099 1050 autem
1126 982 1222 1049 Solon
1247 983 1383 1048 Archon

335 1066 398 1131 fuit
422 1080 454 1132 et
479 1067 563 1166 leges
586 1068 707 1157 scripsit
725 1069 852 1158 Olymp.
877 1071 1008 1150 XLVI,
1031 1073 1061 1136 3.
1085 1081 1158 1134 ante
1180 1071 1217 1133 C.
1234 1071 1279 1134 N.
1306 1071 1382 1138 5942

338 1152 430 1218 Idem
452 1153 531 1219 vid1t
556 1155 753 1221 Pisistratum
777 1156 985 1245 tyrannidem,
1005 1156 1036 1220 h.
1053 1181 1080 1222 e.
1103 1178 1262 1220 summum
1284 1175 1316 1218 m
1361 1154 1367 1167 '

336 1251 481 1320 stratum,
495 1263 662 1329 occupasse
676 1242 802 1340 Olymp.
820 1243 889 1308 LV.
900 1245 929 1307 1.
945 1255 1018 1307 ante
1033 1245 1070 1308 C.
1083 1243 1125 1307 N.
1140 1241 1214 1308 560.
1230 1255 1262 1306 et
1317 1177 1385 1305 ri'llb

335 1339 408 1414 post
429 1350 524 1392 senex
544 1328 640 1403 obiit3
665 1327 845 1427 Pisistratus
867 1343 972 1427 autem
988 1329 1071 1428 'obiit
1091 1327 1218 1479 Olymg.
1235 1329 1268 1392 L
1309 1328 1383 1412 III.

336 1413 1383 1599 stt·&statimiussitistst?..ltili

336 1598 409 1650 ante
424 1588 461 1651 C.
479 1588 519 1651 N.
536 1589 600 1652 512
614 1609 671 1674 qur
683 1586 767 1651 idem
781 1587 886 1652 adbuc
922 1611 944 1651 u
988 1609 1025 1650 ae
1044 1586 1264 1652 Marathomae
1286 1599 1386 1652 mter-

335 1671 398 1736 fuit
419 1672 509 1737 annis
527 1673 642 1737 XXII
665 1685 737 1760 post
759 1611 933 1762 Olympi
974 1674 1063 1752 XII,
1080 1676 1110 1738 3.
1155 1673 1208 1737 Ita
1225 1696 1245 1739 a
1265 1671 1384 1737 Solone

336 1759 501 1825 Archonte
524 1759 566 1824 ad
592 1758 731 1858 Ilippiae
751 1758 861 1846 fugam
882 1759 980 1848 habes
999 1757 1197 1823 intervallum
1220 1758 1394 1848 octoginta

334 1844 401 1909 fere
421 1867 587 1923 annorum,
607 1859 690 1910 mtra
710 1868 791 1932 quos
811 1844 945 1909 fluctuat
965 1845 1111 1926 narratio,
1130 1868 1168 1909 ea
1186 1843 1330 1934 quidem,
1346 1858 1384 1910 ut

336 1929 414 2011 dixi,
428 1953 486 2020 per
500 1955 533 1996 se
546 1932 664 1996 incerta
677 1943 708 1995 et
722 1953 835 2018 parum
849 1930 996 2007 definita3
1008 1930 1069 1996 *his
1082 1943 1147 1996 tam
1160 1953 1276 2019 parum
1289 1953 1385 1996 accu-

335 2028 406 2168 roesste?
422 2017 545 2083 traditis
565 2027 720 2105 quantum
741 2015 815 2082 fidei
836 2029 868 2082 et
889 2015 1081 2083 auctoritatis
1099 2017 1304 2084 tribuendum
1317 2014 1384 2106 'pu-

380 2191 429 2255 At
443 2213 518 2256 vero
538 2190 600 2258 alia
617 2191 707 2258 istius
727 2192 837 2258 aetatis
858 2204 1029 2258 memorata
1049 2192 1075 2258 si
1096 2215 1268 2282 compares,
1285 2193 1324 2275 (S

336 2276 548 2342 chronismum
562 2302 603 2368 ap
707 2284 735 2367 t)
751 2279 787 2358 si,
802 2278 920 2344 litteras
934 2290 1061 2345 etartes
1078 2279 1262 2367 primatum
1278 2279 1313 2342 A
1352 2301 1385 2344 e·
1492 2291 1493 2294 ’

335 2363 385 2428 nis
403 2363 594 2431 incrementa
636 2366 770 2446 abuisse,
785 2365 978 2430 memineris:
1001 2364 1162 2454 probabile
1178 2365 1226 2444 lit,
1241 2365 1276 2429 in
1291 2378 1383 2430 tanto

334 2471 489 2515 armomm
504 2452 606 2540 spatio
615 2451 710 2603 plura
723 2451 872 2530 evenisse,
884 2475 904 2516 a
917 2451 1035 2540 quibus
1049 2451 1159 2516 Iliadis
1170 2463 1204 2518 et
1218 2451 1382 2541 Odysseae

335 2549 486 2636 tanquam
500 2537 616 2602 incuna
637 2537 690 2603 ula
698 2538 934 2638 procederent⁸.
960 2540 984 2603 J
986 2549 1120 2602 unctura
1133 2537 1273 2625 plurium
1288 2537 1391 2628 rhap*

336 2622 494 2722 andrasum
519 2624 598 2702 fieri,
624 2647 747 2723 saeptus
770 2625 895 2704 tentari,
923 2624 1041 2712 potuit,
1066 2623 1166 2690 donec
1190 2636 1295 2690 totum
1322 2625 1383 2690 hoc

335 2706 441 2774 Ihadrs
455 2731 568 2797 corpus
587 2709 710 2774 coaluit.
755 2711 799 2776 Et
813 2723 897 2776 recte
911 2734 943 2776 se
957 2710 1072 2776 babere
1085 2724 1199 2798 potest,
1215 2711 1305 2798 quod
1320 2735 1384 2778 ser·

335 2807 445 2859 vatum
466 2807 513 2861 est
533 2819 553 2860 a
575 2795 674 2861 Suida
693 2796 727 2862 in
742 2795 877 2885 Ὅμηρος·
900 2795 1012 2883 ὕστερον
1033 2798 1061 2861 bi
1080 2797 1204 2874 συνετέθη
1227 2799 1278 2860 sul
1295 2824 1380 2863 πονε·

333 2880 427 2968 τᾶχθη
450 2885 500 2946 ὑπὸ
521 2891 644 2961 πολλῶν,
660 2885 708 2948 aul
721 2884 853 2966 μάλιστα
868 2884 918 2947 ὑπὸ
939 2883 1157 2972 Πεισιστράτου.
1202 2883 1319 2948 Nescio
1340 2907 1389 2948 an.
1490 2885 1491 2890 ἵ

334 2965 368 3030 in
392 2966 441 3048 iis,
468 2968 523 3054 qui
545 2968 577 3033 in
602 2968 803 3056 disponendis
828 2967 1005 3033 Homericis
1025 2969 1214 3035 carminibus
1236 2969 1391 3035 studium·

333 3067 516 3141 posuerunt,
531 3054 628 3119 fuerit
644 3057 809 3121 Cimetluss
827 3055 891 3140 (vel
909 3054 1107 3144 Cynaethus)
1124 3055 1235 3134 Chius,
1250 3055 1291 3120 de
1311 3081 1383 3208 app

334 3140 542 3205 memorabilis
555 3141 642 3206 locus
656 3165 695 3206 ex
709 3141 937 3228 antiquioribus
957 3157 1005 3206 est
1026 3141 1113 3290 apud
1129 3141 1231 3206 Schol.
1248 3142 1311 3206 Pin
1371 3143 1378 3157 ⁸
1489 3191 1490 3218 η

336 3227 428 3290 Nem.
444 3227 533 3322 ll,¹l.
548 3250 596 3315 pr.
612 3226 642 3304 ἦν
657 3229 684 3291 δὲ
699 3233 712 3291 ὁ
727 3227 858 3301 Κύναιθος
872 3231 951 3307 Χῖος,
967 3225 995 3303 ὃς
1008 3254 1046 3290 κα
1076 3237 1131 3291 τῶν
1152 3231 1389 3336 ἐπιγραφομένων·

333 3312 457 3397 Ὀμήρου
470 3313 629 3394 ποιημάτων
650 3315 695 3377 τὸν
717 3318 753 3388 εἰς
773 3312 940 3400 Ἀπόλλωνα
953 3313 1150 3402 γιγςαμμένον
1164 3339 1246 3396 υμνον
1259 3315 1379 3399 λέγεται

333 3398 516 3476 πεποιηκέναι.
540 3397 625 3472 οὗτος,
638 3397 682 3462 οὖν
704 3405 717 3461 l
740 3399 873 3474 Κύναιθος
892 3403 999 3486 speses
1013 3403 1040 3462 ἐν
1056 3399 1250 3486 Συρακούσαις
1267 3400 1380 3488 (igitur
1488 3439 1489 3462 ;

336 3483 497 3573 Syracusis
511 3482 660 3575 primum,
676 3506 740 3547 non
753 3485 880 3549 omnino
893 3484 1046 3576 primum)
1063 3483 1224 3574 ἰηαψῴδησε
1235 3490 1274 3550 τὰ
1287 3488 1378 3572 ’0μῆ-

365 3716 377 3739 ⁸
397 3707 438 3756 Ne
459 3708 586 3758 videamur
606 3709 665 3758 haec
686 3708 759 3772 primi
781 3707 833 3756 sni-
874 3707 1021 3758 Homericae
1048 3707 1135 3756 aetatis
1159 3705 1330 3770 definiendae;
1355 3708 1376 3757 si
1487 3717 1488 3752 ι

334 3772 502 3830 ιιιοᾱιονιὶονο,
525 3775 576 3823 sive
600 3774 626 3821 in
648 3774 766 3823 invidiam
788 3773 834 3821 hoc
873 3773 938 3820 enim
947 3771 1376 3834 Pisistrati'tempon'bussuprame-

334 3837 454 3897 trabatur‚
466 3839 518 3888 sive
533 3839 560 3886 ln
576 3839 683 3896 laudern,
699 3851 833 3888 memorem
873 3837 975 3888 moratis
989 3838 1137 3900 quingentos
1149 3851 1227 3885 sonos
1244 3838 1375 3896 addideris,

239 3901 244 3910 ’
332 3902 391 3952 lioet
407 3903 545 3953 Bentldum
563 3918 613 3951 non
632 3905 704 3954 aliter
723 3911 832 3954 statuen-
873 3901 967 3952 videbis
983 3904 1015 3954 ad
1030 3903 1150 3952 decimum
1163 3903 1217 3950 tere
1234 3910 1292 3950 aute
1305 3903 1332 3952 C.
1343 3903 1375 3951 N.

332 3975 382 4016 tem
397 3968 461 4032 (looo
472 3985 487 4017 a
498 3969 589 4017 Wolfio
599 3984 694 4031 quoqne
705 3969 804 4018 laudato
812 3967 829 4028 :l
873 3967 997 4016 saeculum
1009 3975 1151 4029 computum
1163 3982 1297 4029 assurgere.
1318 3967 1376 4030 Epi-

332 4032 359 4080 in
375 4033 546 4083 Philaleutheri
563 4034 696 4096 Lipsiensis
713 4027 834 4082 Re'mrirks
874 4047 986 4095 gramma
1007 4031 1128 4080 Pisistrati
1156 4039 1252 4080 statuae
1273 4032 1376 4080 Athenis
1486 4027 1487 4044 ³

332 4112 352 4146 s.
369 4097 426 4147 v11.
445 4099 525 4148 mese
541 4101 603 4147 losse
618 4115 693 4160 congr
709 4113 775 4146 wne
791 4103 834 4144 not
859 4097 1032 4158 adscriptum,
1046 4103 1074 4146 ut
1090 4097 1169 4154 aiunt,
1185 4097 1211 4146 in
1226 4110 1274 4158 quo
1290 4110 1375 4145 venus

332 4165 447 4224 collected
456 4166 570 4226 together
580 4169 606 4212 in
623 4167 664 4212 Ibe
674 4162 746 4226 sorm
756 4160 788 4224 ⁰s
799 4175 833 4208 απ
873 4169 925 4210 est:
948 4161 1117 4228 ΠυνΙσπςπποι,
1136 4160 1157 4212 is
1181 4161 1217 4208 ‘ris
1233 4161 1328 4226 ’Όμηρον
1349 4160 1375 4211 ul·
1485 4207 1486 4210 ,

331 4225 398 4292 Epic
415 4228 560 4286 Pomm-fill
576 4228 749 4277 Pisbtrotas's
764 4221 832 4285 lime}
873 4230 944 4291 desua
961 4223 1069 4291 evagaidon
1087 4225 1112 4272 si
1129 4226 1178 4290 sels
1194 4221 1317 4286 citabimus,
1329 4240 1375 4274 nec

331 4293 406 4340 obora
432 4293 480 4340 50⁰
506 4297 583 4354 ysara
606 4293 683 4357 oster.
718 4289 834 4354 Sequitur
874 4291 1000 4354 antiquum
1016 4305 1070 4340 esse
1086 4305 1132 4347 nec
1148 4291 1318 4342 auctoritatem
1330 4289 1378 4340 ha-'

332 4355 458 4410 Bentleius
477 4358 502 4408 iu
525 4357 570 4408 hoc
590 4359 716 4422 vulgatam
740 4371 831 4408 morsm
873 4355 1192 4423 berapersaiutclligitur.
