2998 5052
332 301 407 429 ιιο
682 352 935 426 sxcussss
957 351 1028 425 111.

373 529 503 596 ἑέσσατο.
519 533 670 596 σθἐσσατο.
686 531 759 596 vide
774 530 817 612 ἔον.
834 535 897 596 ἕνα.

373 617 443 694 θηκε.
455 617 496 684 ab
511 617 554 681 ἕω.
566 617 635 699 θημι.
650 619 757 701 μετοὶδ
774 621 811 682 tv
825 617 886 696 ἕηκε
896 624 934 682 Α.
945 621 996 681 48.
1009 639 1065 680 nec
1079 622 1170 695 sfnxs,
1183 615 1243 680 nisi
1254 613 1374 691 vitiem,

329 703 422 769 scribi
435 716 557 791 potest;
579 725 652 768 nam
666 704 715 784 ἧκε
730 726 793 768 non
808 718 855 769 est
870 708 947 781 Ἑηιιε.
962 716 994 768 et
1007 703 1159 768 habemus
1173 707 1267 786 ἐφῆκε.
1282 705 1372 777 ἀνῆκε.
1470 788 1472 794 Α

329 794 437 874 μεθῆκε.

373 877 486 954 ἑήνδανε.
502 899 531 939 v.
548 875 581 940 in
596 879 696 955 ἥνδανε.

375 961 469 1048 ἔθειρα.
487 965 603 1048 ἔεθειρα,
620 984 714 1028 coma.
730 968 773 1027 Π.
790 966 853 1033 795
867 961 1020 1045 μιάνθησαν
1038 963 1066 1026 δὲ
1087 964 1210 1048 θεθειραι.
1235 973 1268 1025 et
1289 958 1372 1024 alibi.

334 1049 388 1112 De
401 1054 437 1111 Τ.
452 1051 517 1112 382
531 1072 560 1112 v.
577 1050 668 1113 Obss

374 1134 436 1197 ἕθεν.
453 1135 489 1197 ἕο.
502 1134 541 1198 οὗ.
558 1138 642 1214 Ὲεθεν,
656 1137 713 1200 sui.
729 1159 757 1200 v.
773 1135 816 1200 ad
829 1139 866 1198 A.
884 1137 956 1199 114.

372 1220 448 1294 ἔθνος.
473 1222 568 1295 θεθνος.
584 1221 650 1285 sine
670 1221 878 1286 controversia
897 1221 993 1285 habet
1014 1218 1182 1307 digamma,
1198 1231 1234 1284 ut
1251 1225 1295 1283 H.
1311 1220 1375 1284 115

330 1305 375 1370 ἰοδν
388 1311 462 1388 μετὰ
479 1307 566 1382 Ρεθνος
581 1307 704 1394 ἑταίρων.

370 1395 402 1456 τὸ
418 1391 483 1469 ἔθος,
499 1413 574 1473 mos,
588 1393 622 1457 in
637 1396 779 1458 Homero
800 1393 887 1457 haud
910 1390 1053 1456 bocurrit.
1088 1393 1155 1456 Nec
1170 1390 1230 1470 ἔθα,
1245 1392 1280 1454 in
1293 1412 1375 1454 more

327 1478 432 1557 habeo,
446 1479 538 1558 soleo,
552 1479 597 1542 ita
610 1481 747 1545 oocurrit
760 1480 898 1569 positum
914 1484 948 1542 Z.
965 1481 1081 1544 508..1.
1096 1477 1169 1543 536.
1186 1484 1229 1541 Π.
1246 1475 1320 1541 260.
1337 1488 1375 1541 ut

327 1564 425 1651 possit
441 1565 589 1652 judicari,
605 1565 684 1630 sitne
700 1571 775 1630 Ὲεθοο.
809 1569 858 1631 At
879 1565 994 1652 legitur
1013 1565 1090 1630 ἔοιθα.
1106 1588 1202 1651 equo
1221 1562 1376 1650 eolligunt

327 1650 386 1714 vin·
400 1651 484 1716 docti
498 1651 594 1716 fuisse
610 1655 706 1716 εθοοθα.
723 1653 811 1740 quod
831 1666 935 1716 tamen
949 1673 1014 1714 non
1028 1651 1112 1716 omni
1126 1649 1324 1715 dubitatione
1338 1650 1375 1714 li-

326 1735 428 1801 berari
443 1761 537 1850 posse
558 1749 646 1824 puto.
681 1741 735 1803 Ex
759 1740 807 1804 ἔθοι
825 1739 888 1803 fuit
907 1737 974 1818 οδθα,
999 1738 1052 1821 (ut
1069 1737 1110 1802 ab
1132 1737 1217 1814 ἕλειοι,
1239 1737 1373 1819 ἔλπομαι,

326 1819 422 1902 οθλσα,
442 1838 538 1887 εολτα.
559 1825 672 1909 ἐώλπει)
694 1827 771 1889 ἔαιθα.
795 1831 835 1891 Θ.
853 1829 917 1891 408
939 1826 991 1888 αἰεὶ
1013 1825 1071 1909 γάρ
1093 1849 1140 1904 μοι
1163 1822 1246 1887 ἔωθεν.
1271 1835 1375 1910 potest

326 1909 425 1973 videri
440 1909 588 1997 scriptum
604 1910 699 1974 fuisse
714 1916 805 1976 εθνιθε.
821 1926 854 1977 et
869 1919 905 1975 Ε.
921 1909 985 1979 766
999 1913 1017 1989 ἥ
1030 1918 1042 1973 ἑ
1055 1911 1173 1992 μάλιστ’
1189 1907 1274 1988 εἴωθε,
1290 1909 1372 1974 forte

325 2009 459 2076 μαλιστα
482 2000 583 2061 Ὲεθῗοιθε
604 1997 666 2061 Od.
682 2003 719 2060 Γ.
735 2001 800 2067 394
820 1997 996 2072 Ἀντθνοοςδ
1013 1995 1095 2060 εἴωθε.
1111 1999 1139 2060 δε
1162 1999 1274 2060 ῐεὶαθε.
1298 2019 1374 2084 ergo

327 2094 359 2144 et
375 2081 414 2145 Il.
431 2086 465 2144 Z.
481 2085 546 2147 508
561 2081 666 2162 εἰωθὼς,
684 2085 806 2158 famem.
896 2145 899 2150 .

370 2170 418 2232 At
433 2167 490 2246 ἦθος
504 2182 551 2232 est
567 2171 651 2244 Ἐνθος.
668 2195 696 2233 v.
713 2169 769 2233 inf.
786 2170 852 2249 ἕδος,
867 2172 961 2234 sedes.
978 2184 1010 2234 et
1025 2167 1084 2247 ἔδον,
1102 2170 1245 2234 comedo-e
1268 2170 1373 2254 καρτὸν

326 2251 425 2318 ἔδουσι.
441 2255 528 2340 εἶδαρ,
543 2255 584 2318 ab
599 2254 670 2341 ἔδαρ.
706 2258 755 2320 At
769 2270 816 2321 est
831 2257 896 2331 ἔτος.
915 2261 1000 2330 fem.
1016 2278 1045 2318 v.
1061 2256 1120 2319 hac
1134 2277 1218 2319 voce.

370 2341 453 2428 εἶδαρ.
477 2341 567 2405 cibus.
591 2354 638 2405 est
659 2343 700 2406 ab
722 2341 779 2407 ἔδοι.
803 2366 860 2407 nec
880 2341 1018 2406 admittit
1040 2342 1243 2430 digammum.
1269 2342 1330 2406 Od.
1347 2347 1371 2405 1.

327 2429 371 2491 84
386 2428 414 2490 οἵ
425 2431 449 2490 τ’
465 2426 564 2492 ἄνθινον
578 2427 652 2515 εἶδαρ
667 2429 765 2493 ἔδουσι.

368 2511 436 2577 εἴδω.
453 2513 535 2578 εἰδέω.
553 2518 639 2578 festo).
658 2517 758 2578 θειδεοι.
781 2526 813 2579 et
834 2514 874 2579 ab
892 2513 942 2578 his
959 2514 1058 2578 ductu
1075 2517 1168 2577 Ῐειδον.
1185 2516 1298 2578 Ὲειδετο.
1316 2519 1372 2578 δἐι-

326 2602 401 2662 δοντο
423 2601 566 2664 videbant
581 2607 621 2663 Π.
638 2604 704 2668 278
718 2614 750 2664 et
763 2601 802 2665 al.
832 2603 932 2688 Saepe
953 2601 985 2664 in
1006 2601 1056 2663 his
1076 2613 1255 2687 peccatum:
1281 2613 1319 2664 ut
1333 2605 1369 2665 Ο.

325 2687 368 2749 32
383 2689 439 2770 ὄφρ’
455 2687 532 2770 εἰδῇς,
549 2685 636 2772 quod
656 2698 704 2751 est
726 2685 795 2772 ὄφρα
819 2689 899 2774 θιδῃς.
925 2691 1005 2751 Ὲιδον.
1027 2689 1113 2750 ἔνδιον.
1133 2689 1252 2768 Ὲιδομην.
1278 2690 1367 2751 Ὲιδειν.
1393 2725 1394 2728 ¹

326 2773 442 2852 ftBspsv.
460 2775 561 2854 ἔιδμεν.
579 2773 706 2853 Ριδονμαι.
724 2772 855 2836 Ὲιδεσθαι.
888 2775 929 2837 In
950 2773 1000 2837 his
1021 2772 1062 2836 ad
1083 2771 1370 2872 digammnpsssim

325 2857 513 2932 offenditur;
536 2857 612 2923 locis
634 2871 690 2922 aut
709 2858 864 2946 corruptis
884 2873 940 2924 aut
961 2859 1169 2946 interpolans:
1194 2871 1231 2924 ut
1248 2864 1284 2922 Γ.
1306 2863 1370 2923 224

324 2945 505 3030 ἀγασσάμεθ’
521 2948 605 3020 θειδος
621 2948 746 3021 Ριδοντες.
762 2953 798 3010 Δ.
815 2947 880 3014 374
895 2947 923 3010 οἵ
933 2973 980 3028 μιν
995 2949 1098 3010 Ριδοντο
1112 2945 1174 3009 fuit
1188 2945 1215 3010 οἵ
1226 2952 1240 3008 ἑ
1253 2949 1368 3010 Ριδοντο·

323 3029 429 3180 plicque
443 3030 503 3094 alia
516 3031 599 3130 stibi.
644 3033 696 3096 De
710 3038 746 3096 A.
762 3035 830 3098 203.
841 3056 870 3096 v.
888 3034 978 3097 Obss.
1017 3034 1058 3097 In
1072 3032 1213 3120 Odyssea
1232 3030 1370 3120 plurima

348 3141 369 3181 u
383 3141 421 3180 us
474 3141 556 3181 nens
570 3131 748 3182 occurrunt.

366 3140 474 3290 JFlrgge
471 3214 503 3267 et
519 3208 648 3285 fswopm
670 3227 730 3291 pro
751 3205 907 3288 γνώσομαι.
932 3205 971 3270 Il.
989 3209 1025 3274 Ξ.
1043 3205 1160 3290 7τίιχα
1175 3210 1317 3286 Ἑεισομαι.
1337 3218 1368 3271 et

324 3292 494 3359 Btafstcssou
510 3293 550 3352 Θ.
567 3293 632 3354 535
646 3303 678 3354 et
691 3295 730 3353 Ν.
747 3293 820 3359 377.
837 3315 866 3355 v.
885 3293 975 3357 Obss
1011 3295 1129 3358 Contra
1143 3295 1181 3354 Ω.
1199 3291 1263 3356 462
1282 3291 1367 3354 πάλιν

324 3375 435 3457 εἴσομαι
450 3388 497 3439 est
511 3374 552 3440 ab
569 3375 635 3456 εἶμι,
651 3378 739 3440 vado.
777 3377 827 3442 Sic
843 3391 874 3443 et
890 3384 1013 3444 femare.
1036 3381 1117 3443 visus
1138 3389 1192 3458 est,
1206 3391 1239 3442 et
1260 3377 1367 3442 similis

323 3471 399 3541 erat,
415 3467 452 3524 Ὺ.
469 3464 521 3526 81.
544 3460 595 3525 uisi
616 3463 644 3525 δὲ
666 3461 807 3545 Πριάμοιο
829 3466 952 3529 Λυκάονι
977 3471 1090 3530 ἱεισατο
1112 3465 1205 3545 φωνήν.
1225 3463 1308 3528 adde
1325 3469 1364 3527 Ω.

322 3550 395 3618 319.
413 3548 474 3613 Od.
491 3553 529 3612 N.
546 3550 619 3613 352.
653 3551 772 3614 Contra
785 3555 824 3613 N.
841 3554 902 3622 191
919 3551 960 3616 de
973 3552 1080 3616 hasta:
1105 3553 1171 3616 ἀλλ’
1187 3549 1218 3614 οὔ
1230 3577 1266 3626 τη
1282 3551 1367 3637 χροὸς

322 3634 427 3698 εἵσατο.
451 3636 537 3713 διέβη.
560 3634 600 3699 ab
623 3634 678 3719 εἶμι
700 3638 787 3700 vado.
836 3639 951 3725 Itaque
967 3646 1005 3703 Δ.
1021 3641 1084 3704 138
1103 3649 1134 3702 et
1153 3636 1191 3701 al.
1213 3639 1258 3698 διὰ
1272 3640 1323 3721 τρὸ
1339 3638 1367 3699 δὲ

322 3721 416 3786 εἴσοιτο
440 3721 638 3787 scribendum
664 3734 711 3787 est
734 3726 778 3785 διὰ
799 3728 851 3812 πρὸ
873 3728 895 3787 δ’
917 3724 1026 3788 ἐείσατο
1047 3731 1082 3789 Ε.
1101 3727 1166 3790 538
1186 3736 1219 3786 et
1239 3721 1278 3786 sl.
1315 3722 1367 3788 Sic

321 3831 449 3896 quoque
471 3812 509 3872 N.
533 3811 577 3878 90
598 3822 630 3872 et
652 3815 683 3872 P.
707 3813 771 3876 285
796 3815 856 3898 ῥεῖα
880 3813 1076 3895 μετεισάμενος
1097 3830 1266 3896 aggressus.
1313 3810 1365 3874 De

321 3893 494 3960 καταείσατο
510 3899 546 3958 Λ.
561 3897 626 3960 358
640 3919 668 3958 ν.
686 3897 777 3960 Obss
793 3897 835 3960 sd
848 3922 874 3962 e.
886 3897 906 3961 l.
923 3899 998 3962 Non
1012 3898 1094 3962 enim
1108 3896 1181 3961 satis
1194 3897 1274 3960 bene
1287 3895 1365 3960 haec

321 3981 379 4046 viri
394 3981 479 4046 docti
494 3980 740 4068 dispescuerunt.
777 3986 826 4047 At
839 3984 926 4050 locus
942 3985 1002 4049 Od.
1018 3991 1052 4048 T.
1071 3986 1134 4048 283
1149 3984 1249 4069 κέρδιον
1268 3982 1362 4047 εἵσατο

321 4082 493 4156 repugnat;
518 4091 591 4132 cum
613 4068 652 4133 sit
673 4069 715 4135 ab
734 4072 805 4150 ειδοο,
824 4073 911 4134 Ὲειδοι.
936 4072 1086 4152 εἰσάμενος.
1110 4069 1182 4153 ἀνέρι
1205 4074 1364 4152 θεισαμενος

321 4162 354 4220 Ρ.
379 4157 421 4223 73
439 4168 471 4220 et
489 4155 528 4219 al.
560 4154 691 4244 Στέντορι
708 4162 855 4237 θεισαμενη
880 4165 917 4222 Ε.
934 4161 1006 4226 785.
1039 4155 1268 4242 Corrigendum
1290 4175 1362 4240 ergo

235 4279 239 4288 «
319 4248 358 4305 T.
374 4246 438 4307 224
452 4243 526 4330 ἵτσνρ
541 4244 563 4305 δ’
579 4244 731 4326 εἰσάμενος.
748 4244 808 4309 Od.
825 4250 859 4308 B.
870 4247 927 4309 40.
952 4250 993 4307 Π.
1009 4242 1081 4310 246.
1104 4248 1143 4306 Ω.
1159 4245 1232 4308 505.

363 4330 428 4428 Ρσο
449 4333 562 4394 Ἑεισατο
585 4352 677 4420 saepe
696 4344 742 4396 est
763 4335 900 4396 sfswavo.
923 4330 1159 4418 εθεισαο.τᾶντα
1172 4328 1203 4393 σι’
1220 4354 1267 4412 μοι
1289 4331 1360 4392 κατοὶ
