3026 5056
436 382 504 445 AD
528 379 677 446 ILIAD.
702 383 745 445 Θ.
757 379 813 482 ἶ18
834 405 902 470 sqq.
986 472 991 480 Ι
1152 383 1198 458 69

144 550 185 613 R.
202 549 246 614 G.
262 571 367 638 neque
386 572 471 618 nunc
486 551 599 630 habeo,
614 531 702 640 quod
721 575 772 619 me
792 575 913 632 eorum,
928 575 1011 640 quae
1024 553 1068 620 ibi
1086 549 1195 646 dispu-

143 647 209 700 tata
223 649 310 715 sunt,
326 637 492 724 poeniteas
537 639 657 704 sutem
671 663 719 720 ea,
734 663 816 728 quae
829 640 894 706 illio
910 640 1055 706 mriverse
1071 642 1194 710 demto

141 718 203 786 hoe
217 723 400 810 mython-'um
420 747 534 812 genere
552 727 713 824 proposui,
728 726 797 814 ipso
810 749 916 792 rerum
931 749 991 792 usu
1005 749 1063 815 per
1077 741 1125 793 tot
1138 752 1193 794 an-

143 829 258 874 norum
271 811 454 876 continuata
467 812 572 877 studia
584 812 650 878 vidi
663 813 795 878 firmata.
823 813 995 913 Disputate
1011 815 1053 879 ab
1067 839 1104 880 eo
1117 815 1193 882 inde

63 907 68 916 '
141 907 283 982 tempore
297 911 372 962 sunt
385 897 456 977 alia,
472 912 541 964 tum
555 899 596 963 de
609 900 727 987 mythis
738 900 916 979 Hesiodea,
931 913 998 964 tum
1011 899 1053 965 de
1067 902 1193 992 mytho-

141 1003 213 1046 rum
228 996 353 1064 natura,
371 984 524 1064 universe,
537 985 577 1050 de
591 986 708 1074 mythis
721 986 886 1066 historicis,
901 1001 934 1051 et
945 986 1188 1086 philosophicis3

141 1068 337 1167 §comment
360 1073 428 1135 Soc.
451 1073 493 1137 R.
516 1073 558 1136 G.
579 1074 640 1137 To.
658 1074 756 1139 XIII
784 1088 817 1139 et
842 1074 955 1157 XIV.)
973 1073 1095 1160 judicio
1119 1097 1190 1140 meo

140 1176 208 1243 lpse
221 1173 335 1244 parum
349 1157 485 1223 confisus
498 1181 553 1223 coe
575 1159 586 1222 i
604 1181 786 1247 comparare
800 1159 933 1225 eliorum
946 1159 1078 1248 judicia,
1094 1161 1189 1228 etiam

139 1256 334 1319 commentam
358 1242 523 1332 digladiari
559 1245 651 1326 ehis,
666 1259 723 1311 aut
741 1267 885 1334 pugnare
925 1269 962 1312 ro
982 1247 1069 1326 meis,
1085 1270 1105 1311 a
1117 1269 1189 1346 per-

139 1349 218 1394 sona
230 1349 312 1410 mea,
326 1330 405 1410 loco,
420 1345 522 1396 aetate
535 1331 672 1396 alienum
686 1355 752 1398 esse
766 1333 865 1409 duxi3
913 1332 1058 1397 efendere
1073 1329 1187 1483 sigilla

139 1414 198 1480 tim
211 1417 357 1514 apposita
370 1419 528 1504 quomodo
546 1418 674 1483 tandem
694 1417 807 1498 ausim,
822 1442 895 1484 cum
909 1434 1109 1519 versenturp
1121 1443 1187 1486 era-

132 1523 203 1589 ⁴que
223 1522 258 1566 m
279 1504 437 1602 opinando
458 1517 491 1570 et
510 1505 732 1593 conjectando!
775 1505 868 1570 Visus
889 1519 994 1574 tamen
1015 1506 1092 1570 mihi
1115 1529 1184 1572 sum

135 1602 225 1654 recte
252 1587 506 1656 annnadvertisse
536 1613 660 1656 summa
687 1613 794 1656 rerum
821 1591 985 1680 principia,
1015 1613 1035 1656 a
1092 1593 1187 1658 uibus

132 1675 241 1740 omnis
255 1677 449 1765 mythorum,
459 1677 664 1766 inprimisque
675 1679 928 1758 Homerioorum,
939 1617 1185 1767 judicandorum

136 1775 171 1826 et
183 1761 493 1850 interpretandorum
507 1765 587 1830 ratio
601 1765 642 1830 sit
654 1764 808 1830 ducenda

183 1849 319 1914 Videtur
336 1847 444 1938 itaque
461 1851 539 1916 mihi
559 1864 643 1916 recte
663 1851 738 1940 poni
760 1873 868 1939 posset
891 1851 1028 1950 mythos,
1043 1873 1125 1937 quos
1138 1861 1185 1916 at-
1249 1867 1254 1884 ³

137 1933 234 2024 tingit
256 1949 350 2022 poeta
371 1949 428 2001 aut
450 1937 568 2024 quibus
589 1937 631 2002 ed
654 1937 781 2003 consilia
803 1959 862 2002 sua
883 1950 996 2017 utitur,
1018 1937 1086 2024 jam
1112 1951 1185 2004 ante

138 2019 245 2108 ipsum
259 2023 356 2088 hrisse
368 2023 512 2090 inventos
525 2037 557 2088 et
570 2023 802 2112 frequentatam
828 2025 876 2108 (ἐκ
895 2026 1004 2106 μηδενὸς
1023 2025 1050 2086 tt
1070 2025 1184 2101 ἀληθοῦς

137 2109 271 2173 ἀνάπτειν
293 2114 385 2188 καινὴν
405 2110 620 2198 τερατολογίαν,
643 2115 698 2198 οὐχ
719 2111 884 2196 Ὁμηρικὸν,
904 2110 1018 2174 Strabo
1038 2109 1083 2174 ait
1105 2111 1136 2189 I,
1150 2131 1182 2198 p.

137 2196 191 2260 88.
216 2191 351 2282 Polybio
370 2195 453 2260 idem
472 2209 645 2262 statuente:
669 2219 764 2285 quem
783 2196 887 2261 locum
904 2218 989 2261 nunc
1009 2193 1083 2260 vide
1102 2195 1186 2261 inter

123 2278 317 2369 ,Polybiane
333 2282 405 2348 libri
421 2284 595 2362 XXXIV,
611 2287 641 2348 2
663 2298 697 2348 at
716 2296 812 2371 auget
834 2284 995 2346 Homerus
1016 2281 1108 2346 etad
1127 2282 1185 2346 mi·

138 2368 284 2435 taculum
306 2367 427 2434 extollit
448 2382 593 2458 acceptu
617 2374 799 2458 ἔκτραγῳὸεἶ,
822 2383 860 2434 ut
880 2370 925 2433 ait
941 2368 1064 2434 Aeliun.
1081 2370 1119 2433 V.
1137 2371 1182 2433 H:

139 2455 224 2534 vn,
247 2458 294 2540 2.)
316 2477 374 2520 nec
394 2477 460 2520 esse
481 2479 534 2520 eos
555 2456 649 2521 unius
670 2455 874 2543 ejusdemque
895 2455 1034 2542 generis3
1059 2455 1186 2520 subesse

137 2563 199 2629 pro
212 2541 315 2606 fundo
328 2542 456 2629 mythos
469 2542 660 2629 antiquiores
676 2541 753 2606 elios
770 2541 847 2621 eliis,
862 2541 977 2629 partim
992 2565 1042 2606 res
1055 2552 1088 2606 et
1101 2541 1185 2608 facta

137 2651 159 2692 a
172 2628 347 2716 majoribus
360 2628 401 2692 ad
415 2628 628 2716 posteritatem
650 2629 766 2694 tradita
786 2641 972 2716 repetentes,
987 2627 1103 2715 partim
1117 2629 1184 2717 opi-

135 2729 217 2780 nate
228 2727 261 2780 et
274 2715 315 2779 de
328 2737 433 2780 rerum
454 2715 575 2780 naturis
596 2739 688 2780 sensu
707 2730 865 2803 percepta,
880 2715 1062 2804 phantasiae
1075 2737 1136 2802 ope
1149 2715 1183 2779 in

136 2817 205 2866 rem
219 2803 334 2866 facum
348 2815 406 2866 aut
418 2815 538 2890 gestam
552 2816 684 2882 mutata,
701 2815 910 2890 exponentem
935 2815 1108 2887 utrumque
1121 2822 1184 2864 ser-

133 2909 232 2952 mone
241 2888 372 2976 antiquo
386 2911 423 2954 ac
436 2909 536 2964 more;
552 2889 718 2977 plerosque
732 2889 829 2976 hujus
842 2887 966 2975 generis
979 2887 1104 2974 mythos
1114 2887 1182 2972 jam

135 2987 211 3039 aute
224 2975 259 3039 in
273 2975 366 3040 variis
379 2975 578 3054 carminibus,
594 2975 728 3040 venatos
742 2997 870 3062 quoque
883 2972 1024 3060 plurium
1038 2971 1070 3035 in
1088 3023 1090 3026 .
1110 2971 1181 3050 niis,

136 3061 330 3137 innotuisse;
345 3062 403 3126 hos
416 3062 520 3161 ipsum
534 3075 678 3150 acceptos
690 3061 825 3126 consiliu
839 3061 903 3124 suis
917 3079 1056 3124 accomm
1098 3079 1180 3133 asse3

135 3161 169 3214 et
192 3148 357 3214 historicos
380 3147 508 3235 qu1dem
529 3171 561 3212 m
584 3150 655 3214 thos
676 3169 917 3224 commemorare
938 3144 1065 3225 multos,
1088 3143 1184 3208 inter-

136 3235 216 3300 dnm
231 3234 343 3315 obiter,
358 3249 415 3302 aut
428 3173 598 3301 alludendo
612 3234 776 3323 attingere,
791 3233 925 3298 alterum
943 3244 1049 3296 eutem
1069 3253 1181 3318 genus,

135 3321 226 3410 quod
240 3322 402 3410 opiniones
415 3321 455 3386 de
469 3322 563 3386 rebus
577 3321 713 3409 physicis
727 3345 764 3385 ec
782 3318 934 3408 religiosis
953 3316 1182 3404 complectitur,

137 3429 194 3474 scu
213 3408 359 3496 exemplo
380 3407 523 3486 eliorum,
544 3431 598 3472 seu
620 3429 703 3471 novo
723 3407 862 3486 invento,
885 3405 930 3470 ite
949 3405 983 3468 in
1005 3425 1094 3473 suam
1115 3425 1183 3467 rem
1242 3425 1247 3432 ·

135 3495 278 3574 vertisse,
292 3507 341 3573 ut,
357 3517 439 3581 quae
460 3493 492 3558 iu
512 3493 566 3558 illo
587 3506 689 3558 essent
708 3493 812 3557 animo
831 3491 976 3580 cogitata,
992 3511 1097 3554 rerum
1112 3511 1185 3577 pro-

136 3583 298 3671 prietates,
317 3594 448 3644 naturae
468 3581 694 3668 phaenomena,
715 3580 807 3658 vires,
822 3579 961 3656 effectus,
981 3577 1014 3641 in
1077 3595 1186 3640 rsonae

137 3680 272 3746 mutata,
288 3689 309 3731 a
321 3667 437 3754 quibus
458 3679 684 3756 peragerentur
704 3689 753 3731 res
774 3664 979 3815 intelligentia
1000 3685 1034 3727 so
1081 3676 1114 3726 et
1130 3663 1184 3750 ju-

136 3756 220 3822 dicio
234 3753 331 3819 animi
344 3752 490 3818 collectae
501 3767 533 3818 et
542 3767 679 3833 notatae,
694 3753 761 3842 ipse
776 3773 859 3816 nunc
896 3749 1021 3815 istorioe-
1029 3761 1182 3828 uteretur,

137 3843 198 3908 hoc
212 3855 272 3921 est,
287 3853 327 3906 ut
338 3839 384 3921 hi,
400 3840 444 3904 dii
458 3839 533 3906 dicti
547 3855 579 3906 et
592 3841 702 3919 habiti,
717 3839 813 3905 rebus
832 3837 961 3926 agendis
978 3849 1010 3901 et
1028 3834 1184 3923 gerendis,

136 3953 218 4019 quas
237 3950 365 3994 inerrare
379 3927 514 4008 volebat,
531 3927 725 4007 interessent,
745 3923 964 4010 efficerentque
982 3922 1027 4000 id,
1042 3920 1130 4008 quod
1151 3919 1185 3984 in
1220 3933 1223 3936 “

138 4016 315 4082 narratione
334 4014 423 4104 epica
441 4027 490 4079 est
508 4037 676 4093 summum,
697 4027 735 4078 ut
755 4012 950 4077 mirationem
972 4031 1021 4074 res
1042 4019 1185 4072 narratae

138 4105 294 4168 facerent:
319 4101 407 4192 quod
422 4101 487 4166 sine
501 4100 679 4164 interventu
693 4099 825 4163 deorum
840 4095 987 4183 consequi
1006 4093 1183 4180 nequiisset

140 4192 269 4254 Novum
280 4211 382 4276 genus
391 4188 424 4252 in
435 4186 578 4275 Odyssea
586 4185 748 4250 constituit
757 4183 955 4248 adsciscendo
967 4181 1048 4244 inter
1059 4179 1105 4244 Ul
1128 4178 1184 4276 sais

141 4299 261 4342 errores
270 4287 303 4339 et
316 4275 383 4340 lata
391 4273 565 4339 oarnrinum
578 4271 709 4338 eliorum
724 4283 911 4358 argumenta
920 4289 940 4332 a
949 4265 1066 4354 mythis
1130 4285 1187 4363 sors

143 4363 248 4444 duem,
271 4374 309 4426 ut
333 4359 373 4426 de
395 4360 500 4435 Circe,
530 4361 636 4433 -Hanc
658 4373 810 4446 tanquam
831 4375 936 4421 rerum
958 4373 1112 4418 summam
1133 4349 1185 4416 luc

637 4449 694 4511 sil
714 4445 718 4452 ’
