2998 5052
32 3443 42 3456 ,
149 3377 273 3441 busca

526 355 762 422 DISSERT.
787 358 815 422 1.
1126 359 1191 458 819

149 523 233 588 Mihi
255 524 383 611 quidem
404 526 462 590 hos
483 525 566 594 locos
586 527 793 594 consideranti
814 527 939 592 videtur
963 525 1122 614 optativus
1146 527 1191 592 ita

149 635 222 676 cum
237 625 409 699 praesente,
425 637 489 700 quo
510 613 616 702 aliqua
635 615 779 702 repetitio
800 614 1005 693 contineatur,
1019 613 1122 679 locum
1137 614 1193 678 ha·

147 698 233 775 bere,
249 697 274 762 si
288 721 363 776 non,
379 713 416 764 ut
429 699 462 763 in
476 700 684 799 conjunctivo,
696 701 738 766 ad
751 695 903 780 futuram,
919 699 975 764 sed
988 700 1030 766 ad
1043 699 1191 788 praeteri-
1226 761 1230 772 ,

149 795 214 848 tam
240 797 361 872 partem
384 799 555 873 praesentis
578 787 769 876 respiciatur.
814 789 898 852 Nam
922 785 955 864 in
983 786 1087 874 priore
1110 786 1191 866 loeo,

147 870 236 956 quod
250 871 400 936 hactenus
418 873 538 938 factum
556 873 606 953 sit,
621 869 848 962 exprobratum
872 873 905 938 in
919 872 1017 938 altero
1030 886 1136 938 autem
1151 874 1192 939 de

148 955 267 1023 vitibus
281 973 453 1037 sermoest,
470 983 548 1047 quas
562 983 641 1048 puer
652 960 783 1049 Ulysses
798 959 872 1024 olim
886 983 907 1024 a
919 972 1008 1047 patre
1022 959 1188 1047 acceperit:

148 1066 228 1129 quas
249 1041 300 1108 ille
321 1067 421 1131 quum
443 1045 609 1133 quotannis
630 1045 700 1112 uvis
722 1047 897 1112 abundasse
919 1045 1019 1126 sciret,
1042 1046 1191 1134 quoniam

57 1213 62 1220 ι
148 1129 254 1193 adhuc
272 1130 371 1194 cultas
385 1130 482 1210 videt,
498 1144 668 1221 utrumque
687 1145 812 1220 tempus
830 1131 1002 1220 conjungit.
1048 1135 1152 1210 Quare
1167 1131 1193 1196 si

148 1215 221 1301 quis
241 1215 304 1279 vim
326 1217 494 1281 verborum
515 1217 748 1306 interpretando
769 1220 943 1306 exprimere
964 1217 1058 1298 volet,
1080 1218 1126 1284 ita
1146 1218 1193 1283 di-

147 1302 284 1366 cendum
309 1302 386 1368 erit:
410 1305 502 1386 primi
527 1307 650 1386 adestis,
676 1307 791 1390 quoties
816 1306 920 1388 malas
945 1307 1190 1388 apparebamus:

148 1389 247 1452 omnib
258 1390 379 1474 generis
393 1391 459 1454 avis
473 1393 639 1472 abundant,
654 1392 768 1476 quoties
782 1393 855 1456 anni
869 1401 1029 1474 tenpestas
1039 1389 1191 1472 siccanda-

121 1535 123 1538 .
145 1485 207 1538 rat.
246 1474 359 1553 Qualia
372 1475 506 1540 sermoni
519 1477 664 1542 familiari
676 1476 767 1542 facile
780 1477 950 1542 condonari
963 1489 1103 1563 possunt.

193 1561 372 1626 Postularet
390 1561 551 1628 institutus
563 1563 652 1643 ordo,
668 1576 706 1628 ut
725 1563 820 1628 etiam
841 1562 881 1627 de
902 1561 956 1634 illo
977 1561 1191 1627 conditionum

144 1669 261 1733 genere
283 1647 481 1737 explicarem,
504 1673 569 1798 pua
592 1648 726 1714 sumitur
750 1649 870 1737 aliquid
891 1672 968 1727 esse,
990 1648 1077 1735 quod
1099 1648 1191 1712 simul

148 1756 213 1798 non
227 1757 293 1799 esse
306 1734 453 1814 fatemur,
469 1759 507 1799 ve
537 1750 656 1800 conua.
701 1735 763 1800 Cui
785 1736 829 1799 rei
850 1734 1052 1799 indicativum
1074 1733 1191 1813 aoristi,

147 1820 333 1907 imperfecti,
349 1834 381 1885 et
394 1821 693 1908 plusquamperfecti
707 1820 896 1886 destinatum
911 1844 987 1900 esse,
1004 1843 1100 1908 supra
1113 1820 1193 1884 indi.

146 1913 226 1978 cavi.
273 1907 336 1972 Sed
349 1907 408 1972 hoc
422 1907 467 1972 ita
480 1921 512 1971 et
525 1906 656 1994 planum
670 1921 702 1972 et
715 1907 936 2005 pervtdgatum
953 1920 1011 1986 est,
1027 1919 1064 1970 ut
1078 1906 1192 1972 rectius

147 1994 424 2087 praetermittatur.
470 1995 541 2070 Quo
566 1993 666 2080 magis
690 2005 821 2057 m1ratus
846 2015 927 2070 sum,
952 2015 1051 2079 quum
1078 1993 1192 2056 Thier-
1219 2013 1225 2022 ·

148 2086 271 2151 schium
286 2079 317 2144 in
333 2079 484 2167 epimetro
497 2077 562 2158 illo,
578 2078 675 2166 quod,
690 2102 767 2178 pace
780 2079 840 2143 viri
854 2077 1028 2144 amicissimi
1047 2077 1190 2157 dixerim,
1233 2065 1240 2088 ⁸

148 2186 253 2238 totum
274 2165 434 2232 retractari
454 2166 495 2231 ab
516 2189 554 2230 eo
571 2164 681 2243 velim,
696 2177 741 2230 ita
758 2164 791 2229 in
808 2165 868 2230 boc
884 2188 999 2252 genere
1012 2164 1077 2229 vidi
1096 2165 1193 2228 offen-

148 2261 235 2338 dere,
259 2269 296 2322 ut
316 2276 347 2341 p.
365 2254 437 2316 all.
460 2265 692 2316 monstruosum
714 2274 779 2316 esse
800 2251 917 2317 diceret
937 2250 1017 2314 illud
1030 2250 1193 2339 Apollonii

149 2344 271 2410 Rhodii
286 2343 314 2406 I.
331 2340 403 2404 281.
420 2337 471 2402 alt'
487 2337 581 2419 ὄφελον
595 2340 658 2400 κεῖν’
672 2335 746 2423 ἦμαρ
766 2336 856 2400 αὐτίκ’
877 2339 931 2400 ἀπὸ
950 2339 1047 2422 ψυχὴν
1065 2335 1191 2419 μεθέμεν,

149 2431 251 2510 κηδέων
269 2457 299 2494 τε
319 2423 460 2501 λαθέσθαι,
479 2421 537 2510 ὄφρ’
557 2421 638 2497 αὐτός
656 2449 693 2504 με
711 2427 786 2508 τεῇσι
807 2420 885 2508 plagis
903 2423 1053 2509 ταρχύσαο
1070 2421 1189 2507 χερσίνε

173 2517 238 2583 uod
251 2509 418 2581 rectissime
432 2509 552 2573 dictum
565 2531 641 2586 esse,
653 2522 685 2574 et
699 2506 752 2587 sic,
765 2519 801 2571 ut
814 2507 904 2572 aliter
918 2531 958 2572 ne
971 2506 1109 2594 potuerit
1122 2507 1192 2594 qui-

147 2541 233 2681 dem,
256 2597 315 2666 nisi
335 2594 472 2675 aliunde,
495 2608 578 2660 certe
600 2618 640 2658 ex
660 2593 914 2660 adnotationibus
934 2593 977 2658 ad
992 2593 1143 2682 Vigerum
1156 2617 1188 2682 p.

149 2687 224 2760 767.
246 2691 303 2755 IV.
319 2695 351 2747 et
365 2685 438 2748 805.
454 2695 644 2746 natumesse
657 2679 830 2745 credebam.
1152 2711 1155 2717 ·

194 2777 246 2840 Eo
255 2775 353 2862 igitur
363 2768 516 2856 perducta
524 2766 747 2855 disputatione,
756 2789 821 2852 qno
830 2766 984 2844 volebam,
996 2765 1083 2852 quod
1097 2788 1195 2853 supra

149 2884 202 2926 me
215 2861 372 2926 facturum
394 2853 526 2931 ostendi,
543 2866 580 2918 ut
598 2853 708 2919 modos
721 2853 899 2930 verborum,
915 2876 994 2938 quos
1008 2852 1049 2916 ad
1068 2875 1192 2938 compa

149 2947 287 3012 rationes
307 2941 455 3008 adhibere
477 2943 638 3004 Homerus
659 2937 747 3018 solet,
769 2938 966 3026 attingerem,
988 2938 1022 3002 id
1044 2937 1191 3026 quoniam

148 3033 275 3120 longius
295 3041 353 3108 est,
369 3051 465 3115 quam
487 3038 523 3091 ut
543 3025 594 3089 hic
616 3025 742 3090 tractari
762 3024 870 3112 possit,
884 3024 952 3090 alia,
966 3023 1190 3102 dissertatione,

148 3142 233 3206 quae
247 3141 322 3183 mox
336 3113 457 3178 edenda
470 3111 539 3191 erit,
554 3111 749 3198 complectar.
781 3112 895 3197 Itaque
905 3112 972 3198 jam
986 3111 1028 3175 ad
1041 3109 1076 3175 id
1088 3109 1191 3190 venio,

149 3205 242 3292 cujus
264 3205 308 3269 rei
329 3223 438 3266 caussa
458 3199 534 3263 haec
556 3197 672 3285 scripsi.
718 3199 800 3262 Sunt
821 3196 902 3262 enim
922 3196 1029 3274 Vobis,
1050 3195 1116 3258 Viri
1133 3196 1191 3282 ju·

271 3282 936 3456 πα

1076 3416 1085 3448 ,
1178 3412 1192 3424 .

149 3462 251 3526 aenda
263 3459 428 3547 colloquia,
444 3395 560 3545 ἔξω
574 3457 638 3521 Vos
653 3455 765 3522 Ordini
780 3467 887 3521 nostro
900 3455 1059 3543 profectus
1073 3467 1192 3518 vestros

149 3549 285 3636 probare
309 3557 462 3634 oporteat.
508 3545 622 3628 Itaque
644 3544 708 3606 Vos
730 3565 819 3628 rago,
842 3553 879 3605 ut
899 3554 971 3605 ante
992 3540 1023 3603 d.
1043 3540 1190 3604 XXIII.

149 3633 265 3700 mensis
283 3630 427 3698 Januarii
444 3627 571 3693 nomina
584 3628 695 3692 Vestra
716 3628 803 3714 apud
824 3649 874 3690 me
895 3625 1118 3713 profiteamini:
1142 3648 1193 3689 mc

138 3720 255 3807 ipsum
269 3731 375 3784 autem
388 3727 498 3815 putate
512 3713 553 3778 ad
567 3736 616 3777 res
626 3726 744 3778 vestras
754 3734 953 3799 quocumque
967 3711 1062 3777 modo
1076 3711 1192 3800 possim

141 3803 305 3896 juvandas
341 3817 583 3890 rompussrmum
598 3798 674 3864 fore.

196 3892 233 3956 P.
250 3892 297 3956 P.
338 3913 398 3955 om.
416 3891 444 3955 I.
460 3885 546 3952 Adv.
564 3885 639 3952 Chr.
655 3909 683 3952 a
700 3885 926 3951 cIoIocccxn.
