2998 5052
317 354 382 426 264
530 353 782 420 EXCURSUS
805 353 854 418 11.
885 352 1055 420 SECTIO
1079 353 1149 418 ΙΙΙ.

317 549 382 614 quo
408 525 477 614 ipso
503 527 672 592 concidunt
694 527 774 592 mira
798 540 903 616 etyma
925 525 1009 592 vocis
1034 550 1053 590 u
1077 521 1287 612 grammaticis
1314 522 1358 605 (v.

319 613 569 680 Schol.'Pindari
589 615 680 680 Nem.
698 615 749 693 II,
765 615 784 678 1
800 628 832 679 et
847 613 997 680 Eustath.
1012 638 1043 702 p.
1061 610 1107 697 6.)
1125 635 1203 676 exeo
1225 609 1302 674 'tata
1321 609 1370 696 de·
1488 596 1489 620 ¹

377 699 460 765 tibus
481 701 625 766 carminis
646 701 760 788 sparsis
773 701 814 766 ab
830 701 906 788 ipsis
925 713 997 788 apte
1019 699 1170 766 connecti·
1182 722 1216 762 so
1228 696 1290 776 ris,
1304 708 1362 760 aut

317 723 590 938 δῖῥάβδῳ,οιχίιοινι
611 797 708 852 manu
730 788 864 853 tenuisse
883 789 1050 861 feruntur3
1075 809 1140 872 quo
1153 784 1279 849 videtur
1293 807 1362 870 spe-

318 887 413 952 ctare,
435 898 480 961 qu
545 873 578 938 in
600 874 787 962 Theogonis
808 875 968 940 Hesiodus
989 874 1030 939 de
1050 895 1084 936 se
1105 871 1158 951 ait,
1174 895 1218 936 vs.
1243 869 1294 934 καί
1303 895 1364 950 ’μοι

319 967 457 1046 σκῆπτρον
482 960 536 1024 ἔδον
556 962 682 1040 Musae,
703 962 800 1044 δάφνης
823 961 953 1047 ἐριθηλέος
976 959 1034 1044 ίζον
1056 971 1113 1023 etc.
1136 957 1230 1023 etiam
1251 978 1363 1044 verum
1400 1033 1402 1038 Ι

319 1071 385 1112 esse
399 1057 513 1147 potest,
529 1072 581 1112 eos
600 1071 673 1112 cum
693 1060 825 1136 sceptro,
842 1071 897 1114 seu
910 1045 1035 1126 baculo,
1050 1057 1107 1109 aut
1119 1044 1219 1132 virga,
1236 1057 1273 1108 ut
1287 1043 1382 1107 olim·

314 1133 470 1212 dicturos,
493 1148 533 1198 m'
547 1134 725 1200 concionem
747 1133 906 1223 prodiisse.
952 1135 1152 1198 Memoratur
1171 1132 1270 1218 ῥάβδος
1289 1127 1365 1194 locis
1489 1133 1490 1174 ί

317 1209 451 1284 Pindari
473 1234 505 1285 et
527 1221 721 1300 Callimachi,
744 1233 879 1308 utroque
900 1219 1024 1285 obscuri
1045 1241 1163 1284 sensus.
1187 1216 1314 1282 Pindar.
1340 1221 1364 1278 t.

322 1308 382 1386 IV,
398 1305 450 1373 66.
466 1308 577 1396 Αρειείε
589 1307 737 1374 virtutem
760 1309 921 1380 Homerus
940 1311 1015 1371 κατὰ
1033 1307 1134 1392 ῥάβδον
1153 1303 1255 1382 ἔφατε
1273 1305 1367 1390 θεσπε-

320 1392 387 1456 σίων
410 1392 492 1458 ἑτίοον
515 1400 616 1470 λοιποῖς
638 1395 749 1483 ἀθύρειν.
773 1394 869 1482 possit
888 1407 961 1459 sane
979 1415 1035 1480 per
1054 1415 1086 1458 se
1107 1390 1173 1455 inte
1196 1389 1239 1478 gi
1258 1389 1364 1476 φράσαι

322 1484 399 1544 κατὰ
412 1479 525 1569 ῥάβδον,
540 1481 583 1544 ad
602 1494 771 1569 sceptrum,
787 1481 873 1568 quod
896 1493 981 1549 tenet
1001 1491 1095 1566 poeta
1115 1477 1294 1553 decantans,
1309 1475 1366 1540 sed
1490 1515 1491 1536 r

321 1578 479 1630 structura
492 1567 631 1654 postulat
642 1573 717 1632 κατοὶ
732 1570 832 1655 ῥάβδον
846 1567 929 1632 ἐτέων
941 1565 1099 1645 θεσπεσίων,
1111 1564 1200 1652 quod
1213 1562 1367 1650 accipien-

320 1653 399 1717 dum
416 1653 553 1733 videtur,
575 1660 651 1718 κατά
672 1654 785 1741 στίχον,
805 1656 849 1718 διά
870 1655 1000 1740 στίχους,
1015 1674 1131 1716 versus.
1178 1653 1231 1718 Ita
1251 1649 1366 1714 sentire

321 1739 432 1804 debuit
447 1740 675 1805 Menaechmus
687 1765 737 1828 ap.
755 1740 858 1806 Schol.
874 1741 966 1806 Pind.
983 1739 1040 1804 l.c.
1056 1737 1226 1824 Μέναιχμος
1242 1738 1269 1802 δὲ
1285 1743 1365 1800 trra·

320 1831 371 1910 ρεῑ,
395 1827 456 1900 τοὺς
476 1830 619 1914 ῥαψῳδοὺς
640 1830 794 1916 στιχῳδοὺς
815 1830 973 1905 καλεῖσθαι,
988 1829 1031 1891 διὰ
1050 1826 1082 1889 τδ
1100 1827 1162 1899 τοὺς
1176 1823 1296 1911 στίχους
1309 1823 1364 1909 ῥάᾲ

321 1915 402 1991 βδονς
417 1913 549 1998 λέγεσθαι
569 1916 623 1978 ύπά
638 1941 725 1978 τινοιν.
749 1915 789 1978 cf.
806 1907 943 1980 Pausan.
959 1915 1028 1992 IX,
1043 1915 1095 1977 30.
1111 1935 1143 1999 p.
1156 1910 1230 1979 76&
1246 1924 1278 1974 et
1293 1909 1367 1974 Cal·-
1491 1963 1492 1970 ,

320 1997 443 2063 limach.
457 2001 585 2088 Fragm.
600 2001 703 2066 Bentl.
716 2025 766 2065 no,
778 2001 1022 2067 CXXXVIII.
1034 2023 1068 2098 p.
1079 2001 1143 2069 497
1153 1996 1199 2062 τδν
1214 1999 1258 2061 ἐπὶ
1272 1997 1369 2086 ῥάβδῳ

319 2088 402 2168 μῦθον
417 2087 590 2168 ὑφαινόμενον
604 2088 692 2168 ἠνεκδς
712 2089 793 2152 ἀείδω
813 2089 987 2173 δεδεγμένος.
1010 2087 1061 2152 h1c
1075 2085 1171 2148 ἀείδειν
1184 2085 1267 2167 μῦθον
1283 2089 1366 2167 ὑφαι-

321 2171 428 2253 νόμενον
444 2174 486 2235 an
505 2173 599 2261 ῥάβδῳ
613 2173 740 2238 videtur
757 2198 822 2238 esse
841 2177 905 2261 τρδς
923 2175 1034 2262 ῥάβδον,
1052 2184 1089 2237 ut
1108 2191 1233 2237 carmen
1254 2170 1368 2236 decan-

321 2270 406 2322 tetur
425 2258 467 2323 ad
487 2272 655 2346 sceptrum,
671 2283 743 2325 cum
763 2273 896 2349 sceptro,
912 2260 999 2347 quod
1020 2259 1195 2347 rhapsodus
1217 2270 1311 2322 tenet.
1334 2281 1365 2322 ν.

320 2344 363 2409 ad
377 2344 505 2410 Pindar.
521 2345 541 2410 l.
557 2371 583 2412 c.
621 2345 756 2413 Videtur
774 2354 815 2434 τῷ
831 2348 943 2437 ῥάπτειν
958 2347 1006 2426 ἔτη
1021 2346 1186 2412 convenire
1200 2344 1232 2409 τδ
1247 2350 1367 2432 δμηρεῖν,
1492 2389 1493 2398 .

322 2454 361 2496 ex
382 2437 448 2514 ὁμοῦ
467 2431 552 2519 άροιν,
571 2446 727 2522 coaptare,
741 2448 969 2522 coagmentare,
989 2435 1029 2500 ab
1051 2435 1160 2519 δμήρης,
1180 2446 1217 2496 ut
1240 2433 1367 2518 θνμῆρης,

320 2531 352 2582 et
366 2517 442 2586 alia:
467 2520 553 2586 unde
568 2523 683 2586 Musae
698 2545 717 2586 a
741 2571 747 2586 .
765 2521 896 2586 Hesiod.
914 2521 1037 2610 Theog.
1053 2523 1097 2591 39
1111 2521 1183 2607 φωνῇ
1205 2525 1367 2602 ὁμηρεῦσαι,

322 2605 353 2668 h.
370 2628 395 2668 e.
412 2610 556 2686 ὑμνοῦσαι.
596 2608 693 2674 Unde
707 2544 798 2674 liicile
812 2608 1009 2674 subnascitur
1026 2606 1171 2695 suspicio,
1185 2628 1303 2670 nomen
1320 2604 1367 2692 ip-

321 2714 392 2756 sum
407 2693 541 2757 Homeri
554 2694 627 2758 hinc
641 2694 774 2760 ductum
784 2705 869 2775 esse,
886 2707 922 2759 ut
941 2693 1037 2760 altera
1056 2717 1095 2758 ex
1117 2705 1206 2782 parte
1225 2691 1367 2758 fabulam

321 2777 362 2845 de
391 2778 537 2844 caecitate
571 2781 612 2847 ab
637 2780 698 2848 alio
721 2782 806 2847 vocis
828 2781 956 2870 ’Όμηρος
979 2781 1155 2870 significatu
1179 2792 1287 2844 ortum
1312 2778 1368 2843 ha-
1493 2797 1494 2850 1

321 2863 426 2930 buisse
440 2867 602 2953 probabile
616 2870 661 2934 fit.
720 2887 723 2892 ’
855 2883 858 2889 ’
1203 2905 1206 2912 ’
1351 2893 1355 2902 ’
1493 2875 1494 2890 l

327 2969 330 2976 ’
366 2953 532 3019 Servatum
553 2955 627 3021 inde
648 2962 761 3021 nomen
785 2957 918 3044 ῥαψῳδῶν
941 2955 988 3036 iis,
1011 2956 1068 3043 qui
1090 2953 1190 3019 aliena
1214 2952 1367 3018 declama-

321 3039 410 3118 bant,
434 3039 560 3106 discreti
584 3045 715 3123 ποιηταί;
740 3043 798 3107 etsi
820 3055 852 3108 et
875 3042 957 3107 inter
973 3043 1115 3132 ῥαψῳδοὺς
1133 3041 1234 3120 fuere,
1258 3040 1366 3128 quiet

319 3124 378 3213 ipsi
393 3149 502 3192 versus
515 3128 717 3208 fecerunt,'ut
732 3130 916 3208 Cinaethus,
931 3129 971 3194 de
985 3154 1050 3216 quo
1064 3129 1159 3193 modo
1172 3127 1294 3192 dictum
1308 3142 1364 3206 est,

319 3213 363 3280 ad'
398 3237 470 3278 uem
492 3214 646 3304 hymnum
667 3240 794 3304 quoque
819 3217 853 3280 in
871 3215 1053 3304 Apollinem
1075 3215 1220 3281 retulere.
1245 3209 1361 3300 (Schol.

321 3298 383 3396 ΙΡίη
442 3299 467 3387 ‘)
489 3303 654 3368 Prooemia
674 3327 727 3367 eos
748 3303 951 3392 praemisisse,
967 3304 1048 3368 forte
1070 3304 1110 3368 ab
1132 3301 1206 3390 ipsis
1227 3295 1362 3380 conditi,

320 3399 465 3451 invocato
479 3389 572 3466 Jove,
588 3413 627 3453 ex
642 3389 782 3454 Pindaro
794 3405 890 3479 patet.
936 3390 1163 3456 Declamarunt
1180 3401 1289 3454 autem
1304 3411 1364 3454 non

320 3470 415 3539 modo
438 3473 571 3540 Homeri
594 3489 626 3539 et
651 3476 795 3557 Hesiodi,
818 3477 872 3542 sed
897 3491 929 3542 et
953 3476 1147 3555 Archilochi,
1171 3475 1364 3554 Mimnermi,

320 3557 513 3646 Phocylidis,
529 3561 684 3628 carmina:
707 3563 828 3649 quade
847 3587 881 3628 re
900 3589 932 3632 v.
948 3564 1066 3631 Athen.
1084 3564 1182 3640 XIV,
1198 3586 1230 3650 p.
1247 3563 1313 3629 620
1328 3565 1362 3628 C.

320 3645 425 3744 Verbo
438 3659 510 3711 ante
524 3645 758 3736 frequentatum
772 3675 833 3739 apo
871 3651 1027 3739 aphorum
1046 3650 1258 3716 curandorum
1274 3673 1364 3716 usum

320 3755 494 3802 carminum
509 3735 703 3803 recitationes
716 3738 784 3802 fieri
798 3752 905 3804 sollae
920 3750 1002 3802 sunt.
1348 3783 1352 3792 ι

364 3818 529 3888 Simillima
548 3835 654 3892 autem
675 3838 742 3896 erat
761 3825 902 3892 recitatio
922 3825 1037 3890 actioni
1058 3823 1206 3903 scenicae,
1221 3838 1253 3888 et
1271 3824 1330 3888 rha

319 3906 387 3972 sodi
409 3930 496 3986 voce,
510 3920 618 3996 gestu,
631 3910 730 3998 ipsam
751 3935 817 3976 rem
838 3911 1022 3991 reddebant,
1045 3912 1174 3977 affectus
1196 3845 1363 3987 movendi,

318 3993 452 4059 lacrimis
476 4017 542 4068 rem
566 3995 783 4078 miserandam,
807 4012 923 4066 terrore
947 3997 1147 4077 horrendam,
1169 3996 1362 4062 redhibendo

320 4082 366 4165 (v.
384 4080 477 4149 Plato
491 4081 523 4146 in
539 4083 618 4153 Ione
632 4107 663 4171 p.
680 4087 744 4152 535
760 4089 814 4172 C.)
832 4084 1000 4172 ὑπεκρίνοντο
1018 4085 1267 4173 δραματικάτεςον.
1313 4086 1362 4149 Ita

318 4167 460 4234 recitatio
481 4183 548 4234 erat
570 4170 612 4237 ad
633 4171 743 4240 modos
765 4171 918 4249 instituta,
939 4172 984 4237 ita
1006 4185 1043 4235 ut
1064 4171 1169 4237 cantui
1191 4184 1273 4236 esset
1293 4193 1361 4259 pro-

319 4255 388 4341 pior
397 4281 419 4330 3⁴
432 4256 516 4322 unde
532 4255 601 4343 ᾄσαι
617 4257 765 4323 dicuntur
779 4257 849 4347 ipsi,
865 4272 897 4323 et
910 4259 951 4324 ab
966 4259 1040 4346 ipsis
1055 4258 1191 4324 carmina
1204 4255 1358 4344 μελῳδηθῆ-

308 4365 376 4422 -νοιι,
391 4356 423 4413 et
437 4344 637 4431 ὑποκρίνεσθαι,
652 4345 727 4432 quia
748 4369 820 4416 cum
842 4359 933 4436 gestu
946 4359 987 4420 et
1008 4345 1129 4415 actione
1144 4345 1286 4421 mimica3
1310 4367 1358 4431 ap·
