2998 5052
477 371 479 376 -
519 325 587 390 AD
610 323 760 390 ILIAD.
783 327 819 386 Τ.
1127 323 1193 394 167

185 494 239 557 ἀΐει
261 497 374 563 exhalo
394 509 426 563 et
450 499 551 562 oodio.
575 495 679 585 potuit
698 501 772 562 οϊια
789 515 863 560 esse.
910 497 952 559 Io
971 497 1115 562 Homero
1131 498 1193 563 boo

146 591 268 646 tontum
283 583 441 650 observari
455 597 569 672 potest,
585 583 721 671 priorem
744 583 838 648 modo
857 582 1000 670 produci,
1015 583 1110 648 modo
1124 599 1191 648 σοο-Ι

146 665 217 754 ripi.
241 673 280 733 K.
299 669 364 736 160
378 676 427 736 οὐκ
444 673 523 752 ἀϊοις,
537 673 573 747 ἀς
586 677 690 757 Τρῶες.
700 681 738 735 'et
752 669 793 733 al.
815 673 854 734 Λ.
871 667 934 734 463
954 671 1012 754 τρὶς
1028 673 1049 732 δ’
1064 667 1122 734 ἅϊεν
1144 671 1189 734 iai·

141 778 256 838 χοιτος,
271 757 359 844 quod
379 758 441 823 fuit
463 760 521 846 τςϊς
542 759 563 821 δ’
585 757 628 821 ἅϊε
653 761 830 840 ϊιϊαχοντος.
853 757 891 820 Σ.
907 757 981 820 222.
1009 758 1057 820 At
1073 761 1110 821 K.
1126 760 1191 822 532

143 839 265 930 Νέστωρ
280 845 307 906 δὲ
321 853 427 929 πρῶτος
442 845 543 909 κτύπον
557 841 609 908 db.
632 849 673 907 Φ.
689 847 753 908 388
767 842 860 927 μέγας
874 845 993 928 οὐρανὸς,
1009 842 1052 907 ἀϊε
1068 845 1094 905 δὲ
1111 841 1190 918 Ζεύς.

144 925 189 990 Et
202 926 256 1007 flu,
272 930 374 1018 spiro:
398 935 436 996 Ο.
453 933 517 998 252
531 933 586 995 imi
602 928 681 1008 φϊλον
696 927 755 994 ἅϊον
766 928 842 1014 ἦτορ.

186 1012 287 1096 ἅλημι,
303 1013 391 1103 quod
404 1030 437 1083 et
450 1015 538 1098 ἅλημι
561 1015 717 1092 scribitur,
733 1016 842 1100 colligo
855 1037 910 1079 me.
927 1016 1078 1081 ooooeoio.
1102 1021 1190 1094 ϊαλη-

141 1125 183 1179 μι.
200 1123 240 1164 ex
256 1105 342 1182 ἀλϊοο,
360 1109 465 1168 ϊαλιω.
484 1103 568 1168 idem
590 1102 678 1190 quod
693 1107 802 1179 ϊιιλεω,
819 1101 907 1180 ebio,
924 1103 1078 1186 συστρέφει.
1094 1103 1187 1186 ἀθροί-

144 1187 191 1266 ζα.
208 1188 292 1254 unde
309 1193 438 1268 ϊαλῆναι.
463 1195 566 1265 ϊαλεις.
585 1195 684 1267 εϊαλη.
701 1193 784 1264 ϊαλη.
808 1210 837 1250 v.
853 1187 894 1252 ad
910 1193 945 1251 E.
962 1191 1034 1253 823.
1059 1193 1097 1252 Ν.
1115 1192 1187 1254 408.

143 1270 181 1338 Σ.
200 1272 252 1340 76.
275 1275 367 1340 etde
387 1281 485 1356 εϊαλη.
501 1300 531 1340 v.
548 1275 602 1340 inf.
621 1276 653 1339 h.
669 1299 697 1338 v.
722 1275 832 1338 Habet
853 1272 941 1357 ἅλημι
962 1275 1098 1364 priorem
1120 1275 1190 1340 bre-

145 1381 223 1423 vem.

184 1449 253 1524 ἅλῆς
268 1460 301 1510 et
315 1451 398 1524 ἅλεης
414 1448 448 1512 in
469 1448 634 1513 Hemdow
655 1460 824 1512 ooourrunt
845 1446 954 1511 eodem
976 1446 1102 1510 notione
1124 1471 1189 1534 quo

140 1534 256 1610 ἀελλὴς,
277 1533 444 1600 confertus.
461 1535 548 1621 quod
569 1536 663 1600 etiam
684 1557 725 1598 ex
746 1533 806 1597 isto
826 1533 945 1598 factum
963 1532 1088 1598 volebat
1107 1535 1189 1622 Ety-

140 1617 283 1706 mologus
304 1619 338 1684 in
359 1619 435 1696 ἅλες.
480 1624 624 1686 Ductum
645 1621 718 1686 hino
738 1617 809 1683 ἅλϊα
827 1630 947 1684 coetos:
970 1620 1057 1707 quod
1076 1619 1187 1686 debuit

140 1728 205 1768 osse
221 1710 320 1770 ϊαλια.
337 1707 488 1796 scriptum
503 1723 607 1772 tamen
621 1708 703 1786 ἅλϊα,
718 1706 812 1771 etiam
825 1705 859 1772 in
874 1705 981 1770 tabula
996 1705 1185 1771 Heracleen-

142 1790 177 1870 si,
195 1791 319 1857 Dorice.
364 1795 502 1861 Omnino
523 1814 598 1860 vero
619 1794 747 1882 ophitus
767 1815 858 1880 asper
879 1791 992 1857 invasit
1012 1805 1113 1857 totum
1127 1793 1187 1858 hoc

180 1900 240 1944 nus
266 1878 354 1944 ἀλέα.
379 1879 475 1963 ἅλημι.
493 1894 531 1946 ει
553 1881 627 1946 hino
647 1881 826 1958 ducto'nec
848 1879 942 1944 modo
963 1879 995 1943 in
1018 1879 1135 1944 Atticis
1156 1890 1189 1945 et

140 1901 215 2030 bino
229 1965 337 2054 volgo,
353 1963 407 2032 sed
427 1969 495 2056 jam
517 1967 550 2031 in
573 1968 746 2033 Herodoto.
792 1966 864 2032 Etsi
885 1965 1018 2032 subinde
1039 1966 1138 2032 variat
1154 1965 1203 2056 in,

143 2051 216 2116 edd.
232 2053 437 2140 Hippocratis
451 2067 483 2120 et
499 2054 636 2119 Aretoei.
932 2055 936 2060 ’

184 2142 234 2204 At
247 2138 323 2219 ἅλις,
338 2136 425 2228 quod
439 2141 594 2220 convenit,
612 2145 702 2214 ϊαλις.
719 2164 748 2203 v.
764 2163 847 2204 mox.

183 2225 382 2292 Disoemitur
406 2226 506 2308 ἅληαι,
529 2250 605 2306 erro,
629 2227 693 2291 sine
719 2225 888 2314 digammo,
911 2227 952 2291 ob
973 2225 1034 2292 olio
1058 2226 1186 2314 odgine.

145 2313 228 2376 unde
243 2314 358 2392 ἀλήτης.
375 2316 506 2379 ἀλάοθαι.
776 2335 782 2351 “
932 2339 942 2356 ⁴

185 2401 331 2488 Cognato
352 2414 425 2465 sunt
446 2400 515 2478 ἀλέη
530 2397 627 2486 fogo.
644 2402 695 2464 οὐδ’
711 2399 780 2475 ἀλέη
797 2404 835 2462 X.
852 2400 927 2463 301.
947 2402 1066 2485 ἀλεωρὴ,
1083 2403 1126 2461 Μ.
1143 2401 1191 2466 57·

140 2498 173 2549 et
186 2484 225 2549 ol.
250 2485 385 2551 Diverso
398 2509 460 2551 vox
476 2500 522 2552 est
536 2488 618 2564 ἀλέη,
635 2487 724 2550 color.
740 2485 803 2551 0d.
820 2491 851 2550 P.
867 2487 922 2549 23.

184 2573 241 2637 Ab
255 2572 325 2650 ἀλέη
340 2586 388 2638 est
401 2573 533 2655 ἀλϊομαι,
550 2575 636 2638 evito.
652 2573 802 2637 ἀλέασθαι.
819 2579 856 2636 Ε.
871 2574 915 2636 34
930 2573 996 2644 Διὸς
1007 2573 1028 2634 δ’
1040 2572 1187 2652 ἀλεώμεθα

140 2664 227 2740 μῆνιν.
255 2657 338 2742 Indo
352 2659 474 2724 ἀλεείνω.
507 2659 629 2724 Debuit
642 2673 747 2724 tomen
760 2659 820 2723 boo
834 2658 939 2745 ipsum
953 2679 1080 2746 quoque
1095 2657 1187 2724 scribi

140 2749 248 2830 αλεϊω,
265 2767 338 2809 nam
352 2745 471 2810 factum
485 2743 559 2810 inde
573 2759 620 2810 est
634 2747 783 2828 ἀλεῦομαι,
801 2745 848 2810 uti
863 2752 897 2809 Γ.
913 2744 986 2810 360.

185 2833 287 2896 Porro
300 2831 373 2896 hinc
387 2845 435 2898 est
448 2832 537 2896 ἀλιϊοο.
553 2833 682 2896 ἀλῦτκαι.
697 2831 864 2896 ἀταλῦοιιω.
879 2831 1044 2914 ἀλοσιιίιζω.
1060 2829 1125 2894 sine
1139 2829 1188 2894 di-

142 2941 278 3008 gammo.

186 3004 345 3070 Convenit
358 3006 472 3070 ἀλιτϊιο.
496 3007 613 3070 abeno.
636 3025 739 3092 pecoo.
755 3005 906 3085 ἀλιτήμων.
922 3001 1042 3100 ἀλιτρός.
1076 3003 1124 3066 At
1139 3027 1187 3079 νη-

142 3095 225 3170 λητης
239 3091 302 3156 Od.
319 3098 359 3155 Π.
377 3095 451 3161 317.
466 3091 500 3156 in
514 3114 607 3159 versu
623 3092 670 3154 ιιαϊ
686 3098 716 3154 αϊ
729 3095 850 3168 νηλητιῖς
865 3101 921 3154 aut
934 3110 1039 3154 venus
1053 3087 1189 3168 νηλητϊες,

143 3178 220 3241 eleb.
236 3177 369 3244 ductum
384 3201 449 3244 esse
463 3174 559 3244 debet
572 3178 613 3243 ab
627 3178 743 3257 ἅλητῆς.

185 3267 247 3329 Est
268 3287 313 3364 qu
357 3289 396 3329 ue
419 3265 485 3330 sine
529 3265 535 3277 '
644 3288 664 3329 o
683 3264 772 3339 ἅλέω,
788 3261 877 3326 molo.
894 3261 955 3327 oo
970 3267 1009 3326 Υ.
1026 3264 1090 3332 109
1104 3259 1190 3326 unde

144 3352 268 3437 ἀλετρὶς,
282 3350 323 3416 lb'
352 3399 359 3412 .
375 3355 449 3417 105.
464 3352 614 3434 ἀλετρειϊα.
630 3349 730 3438 ἀλειας
744 3348 819 3414 ibid.
836 3350 909 3414 108.

186 3435 290 3513 ἅληται
308 3437 358 3502 vel
379 3437 494 3516 ἅληται,
512 3437 553 3502 ab
575 3435 701 3518 ἅλλομαι
723 3435 774 3501 vel
797 3431 924 3520 ἅλλομαι
945 3435 1034 3515 solio,
1058 3457 1121 3500 non
1143 3445 1189 3499 est

145 3529 304 3606 ϊαλλομαι,
320 3529 452 3602 ϊαληται.
485 3527 554 3590 Nec
572 3524 676 3589 obstat
690 3529 727 3596 εἰς
741 3521 801 3586 ἅλα
816 3519 898 3586 ἆλτο.
914 3521 1001 3610 quod
1023 3521 1191 3587 emendao.

145 3609 222 3674 dum
238 3615 275 3684 ιϊς
290 3607 371 3674 ἅλαδ’
387 3609 468 3676 ἀλτο.
485 3635 516 3676 v.
533 3616 572 3676 Α.
588 3614 654 3676 632
666 3623 699 3674 et
712 3615 749 3674 A.
767 3611 839 3679 193.

187 3699 287 3774 ἀλαὸς,
302 3719 419 3777 οοειτιι,
436 3698 521 3764 unde
536 3697 641 3762 ἅλαόω.
657 3709 758 3761 estex
773 3695 844 3758 λᾶο.
861 3715 957 3760 como.

187 3781 262 3858 ἅλις.
284 3785 368 3847 sotio.
394 3789 487 3864 ϊαλις,
502 3783 637 3871 ubique:
662 3796 699 3847 ut
715 3787 748 3846 Β.
765 3785 809 3852 90
823 3787 853 3844 αϊ
866 3779 916 3862 μείι
930 3785 955 3845 τ’
972 3782 1032 3846 ἔνθα
1053 3785 1144 3854 faio.
1159 3804 1188 3843 v.

146 3867 186 3934 od
202 3875 225 3932 Ι.
243 3872 315 3939 137.
347 3869 465 3958 Ergovi
481 3875 535 3960 οὐχ
548 3870 611 3946 ἅλις
626 3869 777 3958 scriptum
791 3867 853 3932 fuit
867 3895 882 3946 η
897 3893 927 3932 oo
945 3873 1034 3942 ϊαλις.
1050 3892 1078 3930 ν.
1095 3867 1136 3930 ad
1153 3873 1188 3930 E.

187 4045 237 4106 At
260 4039 324 4121 ἀλς,
350 4043 430 4122 ἀλϊς,
454 4063 548 4122 more,
570 4054 602 4108 et
623 4043 697 4108 bino
719 4043 825 4121 ducto,
846 4055 1000 4129 respuunt
1021 4039 1188 4126 digamma.

146 4129 240 4194 etiam
254 4126 344 4206 ἅλιος,
359 4149 466 4194 vanus.

188 4216 286 4280 ἀλοᾶω
309 4230 340 4279 et
361 4215 468 4279 ἀλοιάα
493 4219 606 4282 tundo.-
627 4219 729 4306 χερσὶν
751 4215 836 4281 ἀλοϊα
852 4222 875 4278 1.
892 4212 956 4278 564
978 4227 1009 4276 et
1031 4212 1188 4277 ἀταλοιάιο.

147 4299 230 4388 ἀχρις
245 4300 412 4380 ἀπηλοίησεν
429 4309 465 4366 Δ.
481 4305 557 4366 522.

615 4389 679 4449 114
