2998 5052
339 331 404 397 252
574 327 828 422 EXCURSUp
850 327 901 391 11.
930 324 1100 394 SECTIO
1124 327 1151 392 1.

340 507 375 568 B.
396 503 472 570 108.
492 523 587 590 porro
609 505 635 565 1.
655 502 698 566 10
723 499 779 566 ubi
803 497 994 587 antiquiores
1016 493 1167 564 Graeciae
1191 499 1286 564 urbes
1309 508 1388 564 cum'

323 588 493 678 'praesenti
508 601 591 654 statu
606 600 777 676 comparat,
792 583 1020 696 fp'Opipnv4ad
1039 585 1187 694 conprensi
1197 613 1225 651 τι
1237 591 1296 673 χρὴ
1310 590 1377 650 κᾶν·

339 680 430 742 ταῦθα
443 675 590 754 πιστεύειν,
605 674 636 754 ἣν
651 676 721 750 clads
735 675 778 738 ixl
793 697 825 738 το
836 675 930 758 pirgos
943 698 994 753 μεν
1013 676 1124 750 ποιητὴν
1140 699 1206 737 ona
1225 695 1376 756 κοσμησαι.

341 762 433 827 Idem
447 775 552 828 tamen
564 760 783 826 lib.111.104.
798 758 840 823 ad
854 757 990 825 eundem
1000 757 1097 823 refert
1106 759 1276 858 Hymnum
1290 758 1323 822 in
1334 760 1379 822 A.

338 848 497 999 ppllinem,
513 861 553 913 ut
564 847 637 912 hinc
652 869 778 934 quoque
792 856 953 943 appareat,
967 867 1064 931 quarn
1078 867 1191 942 parum
1206 844 1315 911 cntioo
1331 845 1380 932 ju·
1484 891 1486 924 J

362 935 421 1000 'cio
435 949 503 1000 tum
519 934 567 998 usi
582 933 643 998 sint
654 932 713 997 vin'
727 931 810 998 docti
825 931 859 996 in
872 943 1075 1018 antiquorum
1088 931 1263 998 caminum
1277 945 1380 997 aucto
1484 995 1485 1032 ,

337 1022 430 1088 ritate
444 1019 669 1087 constituenda.

378 1111 456 1173 'Hae
469 1107 567 1196 igitur
580 1119 654 1172 sunt
667 1104 914 1204 antiquissimae,
923 1103 1161 1204 quadringentis
1174 1104 1380 1204 tamenannis
1484 1099 1485 1118 ¹

338 1195 479 1275 seriores,
493 1193 702 1272 auctoritates,
717 1193 834 1280 qulbus
853 1204 991 1256 exunsse
1010 1191 1076 1257 duo
1089 1215 1226 1256 carmmn
1241 1195 1381 1256 Homero
1484 1207 1485 1216 ¹

339 1281 431 1347 elicui
446 1281 565 1346 tributa
578 1292 726 1346 testatum
742 1279 792 1358 sit,
807 1301 910 1366 neque
925 1291 1028 1343 umen
1044 1278 1213 1366 quicquam
1228 1279 1304 1344 inde
1320 1301 1380 1344 am-
1484 1297 1485 1318 ¹

336 1367 421 1457 plius
439 1381 571 1447 constat,
588 1389 648 1466 pec
667 1365 836 1466 adjectum,
852 1388 918 1516 qua
937 1365 1032 1444 fama,
1048 1387 1113 1453 qua
1133 1365 1197 1466 fide
1212 1366 1281 1466 'hoc'
1300 1389 1380 1464 aooe3

337 1469 429 1544 ptum
444 1468 501 1520 aut
514 1453 668 1519 creditum
682 1465 730 1518 stt.
765 1453 833 1517 Nec
847 1475 870 1539 p
882 1474 940 1516 ura
953 1475 993 1516 ex
1009 1451 1141 1517 Platone
1154 1452 1312 1532 didicens,
1326 1467 1382 1520 etn

336 1542 446 1608 multis
458 1542 492 1607 in
506 1540 581 1606 locis
595 1541 774 1605 Homerum
788 1550 950 1618 memorat,
965 1552 997 1603 et
1011 1561 1119 1603 versus
1134 1539 1323 1604 Homericos
1336 1561 1381 1602 re-
1479 1603 1483 1631 ὅ,

337 1629 423 1710 citat,
437 1627 673 1726 rhapsodosque
687 1649 751 1690 uns
771 1647 844 1692 cum
866 1625 1097 1714 exemplaribus
1117 1647 1228 1690 eorum
1250 1625 1379 1714 scriptis.

338 1719 457 1783 Verum
474 1716 514 1782 de
532 1714 582 1779 his
600 1714 723 1778 drcetur
745 1714 826 1778 Sect.
842 1714 912 1778 111.
958 1713 1042 1778 Nam
1063 1711 1227 1779 lectionem
1249 1712 1382 1778 Homeri

337 1803 434 1868 fuisse
450 1803 602 1891 jamtum
616 1800 650 1864 in
663 1798 783 1864 liberali
801 1797 964 1886 disciplina
983 1798 1123 1864 habitam
1145 1799 1219 1865 sistis
1239 1813 1378 1874 constst;

336 1888 441 1977 ipsum
456 1912 583 1976 quoque
602 1887 712 1952 drama
730 1884 884 1973 tragicum
901 1909 943 1949 ex
955 1909 993 1949 eo
1006 1885 1158 1973 prodiisse
1172 1885 1383 1975 Aeschylum-

337 1999 401 2063 que
415 1999 488 2040 cum
504 1972 665 2062 Sophocle,
676 1986 708 2038 et
728 1970 884 2060 Euripide
903 1994 943 2036 ex
962 1994 1000 2038 eo
1019 1972 1223 2060 pependisse;
1247 1973 1382 2061 philoso-

336 2062 417 2150 phos
437 2073 543 2127 autem
586 2059 720 2147 hysicos,
744 2059 989 2145 Xenophanem,
1009 2059 1240 2140 Parmenidem,
1264 2063 1383 2148 Empe-

337 2147 470 2228 doclem,
494 2160 563 2235 myt
587 2146 663 2244 'epm
693 2145 864 2212 orationem
893 2168 934 2210 ex
957 2168 1000 2244 '⁶9
1020 2144 1070 2245 ¹nd
1102 2161 1211 2246 utsnse3
1241 2147 1380 2213 oratione

337 2232 1064 2408 fflthblsslttltlttnl⁰mfit⁰n
1085 2257 1213 2406 ,nb
1224 2248 1382 2386 ‘tnt'b

334 2408 552 2474 controversia.
579 2408 716 2472 Narrate
729 2417 835 2470 autem
848 2403 889 2468 de
904 2405 1047 2470 Homero
1060 2418 1092 2471 et
1107 2406 1192 2471 varia
1205 2422 1381 2476 commenta

335 2519 416 2583 quae
438 2495 533 2561 serior
554 2507 638 2560 aetas
659 2491 743 2572 tulit,
766 2490 971 2579 exquirentur
992 2495 1141 2560 Excursu
1161 2494 1231 2558 111.
1250 2494 1293 2559 de
1312 2498 1381 2560 Ho-

335 2605 432 2661 mero,
449 2581 559 2646 Iliadis
570 2593 706 2646 auctore.

279 2707 283 2715 ·
379 2671 463 2734 Cum
477 2668 583 2755 itaque
596 2679 661 2732 tsm
675 2690 778 2757 pauca
788 2667 828 2732 de
839 2670 1057 2752 Homerofide
1066 2683 1209 2736 constent
1220 2671 1381 2735 lustorieo:

263 2789 268 2798 ·
294 2795 298 2808 ·
334 2755 476 2842 sequitur
493 2755 670 2821 liberiorem
689 2777 836 2842 campum
858 2767 966 2842 patere
987 2758 1187 2842 conjecturae,
1206 2756 1381 2822 dummodo

334 2839 389 2908 illa
403 2841 442 2908 sit
453 2842 616 2925 probabilis
619 2866 633 2918 ,·
656 2841 716 2908 hoc
730 2855 787 2920 est,
803 2840 828 2904 si
842 2841 941 2929 petita
954 2841 1008 2906 illa
1021 2842 1118 2908 fuerit
1131 2843 1245 2930 pmim
1260 2866 1302 2908 ex
1316 2845 1380 2927 ipso

334 2930 475 3007 (tormine,
499 2941 535 2994 ut
556 2928 680 2993 orirer-in
698 2927 773 2992 inde
794 2950 896 3005 eruas,
911 2951 993 3015 quae
1014 2953 1070 2994 seu
1091 2929 1302 3018 antiquiorem
1325 2953 1379 2994 seu

332 3015 747 3168 susstinens
770 3014 1380 3189 etheri

745 3149 754 3180 5

331 3115 526 3254 dle'cllarmanda
571 3188 737 3254 Utendum
752 3187 846 3253 estin
859 3188 908 3256 his
920 3188 1041 3290 judicio
1055 3190 1147 3260 firmo
1159 3213 1197 3256 ac
1211 3189 1327 3271 stabili,
1343 3204 1380 3256 ut

330 3297 394 3339 non
408 3274 560 3340 adsciscas
569 3288 626 3340 aut
639 3274 755 3341 inferas
769 3298 816 3354 ea,
829 3298 910 3362 quae
920 3299 987 3362 Jam
1001 3273 1095 3341 antea
1107 3275 1256 3342 ariolatus
1266 3275 1309 3342 sis
1323 3290 1380 3344 aut

329 3360 541 3442 somniaveris,
552 3362 607 3427 sed
622 3375 658 3428 ut
673 3362 827 3450 impetum
841 3361 993 3428 sustinens
1007 3386 1104 3462 expec
1173 3387 1225 3440 ue,
1240 3363 1322 3451 quid
1337 3388 1377 3430 ex

353 3446 476 3514 luribus
490 3448 693 3537 probabiliter
706 3449 805 3538 possit
817 3447 932 3536 colligi,
948 3448 1027 3536 quid
1043 3379 1237 3516 mesalum
1250 3449 1290 3515 sit
1305 3475 1378 3539 pro-

393 3534 484 3611 ilius3
508 3535 584 3601 haec
603 3549 709 3601 autem
730 3533 932 3638 probabilitas
951 3473 1169 3602 constituendei
1188 3550 1317 3602 estnon
1338 3562 1377 3604 ex

330 3621 472 3688 sensibus
493 3621 617 3702 nostris,
632 3621 707 3701 vita,
725 3621 864 3708 judiciis,
878 3621 1040 3702 institutis,
1055 3621 1164 3688 litteris
1184 3624 1309 3703 nostris,
1325 3649 1379 3690 ve-

329 3730 402 3772 rum
422 3709 587 3779 referenda
608 3722 682 3774 sunt
703 3708 808 3774 omnis
826 3708 869 3774 ad
890 3722 1032 3798 tempora
1051 3709 1193 3797 antiqua,
1212 3709 1378 3798 inquibus

327 3794 389 3860 ists
401 3809 528 3882 peracta
542 3812 626 3876 sunt,
641 3808 759 3861 etcum
777 3818 885 3860 eorum
906 3796 1057 3877 sensibus,
1072 3796 1259 3876 conditione,
1275 3821 1376 3878 more,

328 3905 478 3970 nexuque
498 3906 607 3948 eorum
625 3905 699 3949 cum
718 3881 973 3949 anteoedentibus
989 3896 1021 3948 et
1043 3875 1246 3971 sequentibus
1265 3885 1377 3950 aetati-

326 3970 388 4034 bus
409 3971 625 4058 comparanda.
672 3971 726 4034 Ita
747 3969 944 4034 subnascitur
965 3967 1108 4059 analogia
1127 3970 1234 4058 eliqua
1254 3994 1375 4051 rerum,

328 4068 360 4121 et
374 4079 483 4122 sensus
497 4056 576 4143 ejus,
597 4080 652 4121 seu
669 4055 828 4143 judicium
847 4055 953 4133 animi,
970 4056 1172 4124 informatum
1193 4081 1233 4122 ex
1257 4058 1375 4124 multa„

326 4165 398 4208 rum
420 4165 526 4208 rerum
546 4143 697 4242 prudenti
717 4165 786 4206 com
863 4142 947 4208 tione
970 4155 1012 4222 et,
1035 4143 1130 4210 modo
1153 4144 1376 4232 conjunctione
1401 4199 1404 4208 ,

328 4229 423 4294 modo
437 4229 656 4317 disjunctrone,
670 4243 706 4328 ut
719 4228 737 4294 f
770 4228 777 4240 '
792 4251 810 4294 e
824 4251 1026 4330 essequamur
1040 4253 1078 4296 es
1091 4253 1174 4330 quae
1187 4231 1375 4301 conveniant

328 4329 360 4382 et
372 4315 581 4405 respondeant
594 4329 714 4398 ceteris,
724 4315 764 4382 de
778 4316 894 4405 qulbus
908 4317 997 4382 nobrs
1006 4317 1074 4405 jam
1089 4317 1199 4406 bquet,
1212 4331 1310 4408 utque
1326 4331 1375 4387 at·

1478 1816 1482 1990 l

1475 2406 1480 2659 l
