2998 5052
501 373 738 442 DISSERT.
764 377 791 440 I.
1106 381 1171 451 309

121 537 198 623 σθαι,
214 546 244 623 ἠὲ
257 545 450 630 φυλάσσονται
470 553 526 626 νῆις
546 549 616 626 θοαί,
632 553 668 623 νίς
687 551 719 615 τδ
737 549 824 637 ποίρος
840 575 905 632 περ,
919 549 935 626 ἢ
950 549 1008 628 ἤδη,
1021 549 1167 636 χείρεσσιν

122 633 166 712 ὑφ’
183 632 329 719 ἡμετέρῃσι
344 633 483 716 δαμέντες,
499 634 577 713 φύξιν
593 636 749 714 βουλεύοντε
768 641 842 717 μετοὶ
861 636 966 711 σφίσιν,
983 639 1034 698 οὐδ’
1050 637 1166 701 ἐθέλοιτε

122 715 212 779 νθιισα
232 719 451 800 φυλασσέμεναι.
498 721 538 784 In
560 719 669 784 iisdem
690 720 793 784 verbis
812 745 843 785 v.
860 723 926 786 308
944 720 1023 785 alter
1038 745 1168 808 quoque

120 800 309 868 indicativus
329 806 491 885 βουλεύουσι
511 805 632 893 positus
654 819 709 870 est.
747 805 807 870 Od.
825 813 861 870 A.
877 805 950 872 632.
967 805 1034 891 ἦροί
1048 833 1075 872 τι
1090 805 1167 890 ἴδμεν

121 889 159 952 bv}
175 891 280 976 φρεσίν,
296 891 326 970 ἠὲ
340 892 388 954 καί
408 894 595 970 οὐκδ,·θππο’τε
611 892 783 978 Τηλέμαχος
804 895 866 956 νεῖτ’
886 896 918 958 ἐκ
938 893 1054 957 Πιίλουτ
1079 893 1166 980 quod

8 979 14 988 '
121 995 187 1038 non
201 987 284 1040 reete
298 975 433 1064 explicat
448 975 653 1044 Thierschius
666 1001 697 1066 p.
711 979 784 1048 190.
805 985 836 1042 1³.
850 981 922 1043 120.
940 975 1025 1066 εἴρετο
1040 981 1061 1041 δ’
1073 981 1165 1043 αὐτίκ’

122 1057 219 1125 ὄτειτα
238 1065 304 1140 βοὴν
324 1065 428 1148 εἰγαθδς
446 1067 602 1144 Μενέλαος,
618 1064 694 1129 δ’ττεν
713 1064 837 1152 χρηίζων
859 1065 955 1148 ίκίμην
968 1061 1167 1146 Λακεδαίμονα

122 1150 190 1211 δῖαν.
216 1149 335 1214 Confer
344 1149 384 1215 Il.
393 1154 431 1214 Φ.
443 1149 516 1216 608.
540 1151 695 1240 Ejusdem
710 1150 795 1214 modi
809 1151 886 1215 haec
901 1164 975 1215 sunt
990 1150 1168 1222 11.e).110.¹

122 1233 193 1319 ὄφρα
209 1235 257 1298 καί
270 1234 387 1324 Ἕκτωρ
401 1235 517 1318 είσιται,
532 1237 548 1316 ἢ
564 1239 612 1301 καί
633 1240 696 1320 ἐμὸν
717 1237 777 1322 διίρυ
798 1237 926 1319 μαίνεται
947 1239 975 1300 ἓν
993 1237 1168 1324 παλάμῃσιν.

123 1326 166 1389 Π.
182 1321 258 1384 243.
274 1321 344 1408 ὄφρα
358 1323 406 1388 καί
414 1319 531 1412 Ἕκτωρ
545 1325 660 1400 sitinus,
676 1323 693 1402 ἦ
706 1349 743 1410 ρα
758 1325 805 1390 καί
821 1323 873 1398 οδες
888 1323 1034 1400 ἐπίστηται
1047 1323 1168 1405 πολεμί-

122 1411 176 1487 ζειν
189 1405 317 1491 ἡμέτερος
332 1407 465 1493 θεράπων,
479 1411 496 1488 ἦ
510 1417 534 1474 οῖ
548 1410 612 1474 τίτε
623 1414 719 1497 χεῖρες
732 1407 835 1473 ἄνιπτον
852 1408 969 1490 μαίνονθ’
972 1456 983 1489 ,
998 1409 1093 1473 θππθε’
1109 1409 1168 1494 ἐγώ

119 1515 171 1581 περ
185 1491 219 1556 lo
232 1498 307 1575 μιτοὶ
321 1503 415 1576 μῶλον
424 1493 534 1582 Ἄρηος.
579 1493 642 1575 Qui
657 1496 723 1560 duo
736 1495 796 1560 looi
815 1495 902 1560 hand
917 1493 980 1560 scio
993 1493 1110 1559 analio
1123 1509 1168 1578 ομ

119 1577 184 1644 iam
198 1579 373 1645 oommunis
386 1582 536 1646 sermonis
546 1581 677 1670 vestigio
691 1581 906 1646 memorabiles
917 1581 989 1660 sint,
1000 1580 1170 1646 indicativo

13 1677 16 1688 '
119 1663 224 1728 ε’ίσιπαι
239 1664 318 1730 dioo.
356 1669 440 1732 Nam
455 1666 539 1732 aliud
555 1669 679 1766 agebat,
695 1667 817 1755 opinor,
833 1665 1166 1766 Thiersohius‚·quu1n

148 1799 155 1814 .
182 1753 254 1816 180.
279 1735 383 1819 είσεται
408 1752 443 1818 in
464 1754 670 1842 oonjunctivss
693 1768 880 1828 numeraret.
926 1751 1020 1832 Quod
1046 1753 1071 1817 si
1097 1776 1169 1840 qu1s

123 1855 205 1922 ορριι,
228 1847 262 1901 at
283 1837 471 1926 significans,
489 1861 562 1904 oum
580 1841 691 1906 futuro
709 1839 792 1907 ferre
812 1839 902 1920 nolit,
964 1838 1036 1904 terit
1055 1838 1089 1903 id
1110 1861 1169 1926 pro

123 1924 220 1988 donec
232 1924 380 2012 accipens.
407 1926 460 1990 Ita
474 1940 580 1990 autem
593 1940 743 2013 cognatae
757 1927 817 1992 hae
831 1863 1068 2014 εἱςῃίίίδδιῑίοηεε
1084 1940 1169 2006 sunt,
1227 1945 1229 1954 ’

123 2031 222 2096 quam
246 2033 313 2074 rem
339 2011 444 2100 attigit
468 2014 628 2077 Porsonus
652 2013 693 2076 ad
716 2012 833 2099 Eurip.
853 2012 975 2082 Phoen.
995 2016 1049 2085 89.
1074 2025 1112 2077 ut
1135 2012 1169 2076 in

123 2095 267 2184 Odyssea
281 2096 329 2172 ἕως
343 2120 408 2162 non
422 2098 514 2163 semel
529 2109 565 2162 ot
579 2099 742 2186 significet,
757 2122 787 2162 ν.
798 2123 823 2163 c.
841 2106 877 2162 Δ.
893 2101 967 2162 800.
989 2105 1023 2162 Ε.
1039 2097 1112 2163 386.
1132 2103 1167 2161 Ζ.

125 2184 178 2246 80.
224 2185 291 2248 Neo
306 2185 411 2249 sordes
425 2185 608 2273 appellarim
629 2184 813 2250 indicativus
827 2184 860 2248 in
873 2185 923 2249 his
936 2184 1027 2250 locis':
1052 2185 1114 2250 Od.
1132 2191 1168 2248 A.

56 2341 58 2346 A
124 2266 201 2333 316.
216 2271 298 2356 δῶρον
312 2273 345 2350 δ,
362 2270 419 2335 δ’ττι
436 2273 468 2335 κέ
482 2297 529 2353 μοι
545 2275 634 2335 δοῦναι
649 2271 728 2352 φίλον
746 2271 813 2360 ἦτορ
834 2271 947 2356 ἀνώγει,
963 2271 1040 2345 αὖτις
1054 2277 1170 2356 ἀνερχο.

121 2353 197 2441 μένῳ
211 2359 311 2436 δοῦναι,
327 2356 394 2436 ubi,
410 2380 511 2444 quum
530 2357 626 2422 modo
645 2357 794 2422 obtulerit
815 2357 934 2421 donum
950 2355 1169 2432 Telemachus,

122 2439 237 2505 idonea
257 2465 367 2506 caussa
387 2457 445 2524 est,
463 2465 561 2531 quare
582 2442 706 2507 admitti
726 2442 913 2507 indicativus
934 2442 1049 2533 possit3
1074 2455 1106 2505 et
1128 2441 1168 2506 ll.

123 2531 170 2590 Μ.
187 2525 260 2593 326.
275 2530 396 2605 πολλοὺς
410 2533 469 2616 γοδρ
482 2530 586 2618 Τροίαν
601 2530 823 2612 καταλείψομεν,
840 2527 884 2603 οἷίς
898 2555 943 2593 κεν
958 2530 1075 2614 Ἀχαιοὶ
1089 2543 1170 2627 χαλ·

123 2619 166 2698 νεῷ
180 2615 339 2700 δηώσοινσιν,
352 2616 408 2680 ubi
422 2629 460 2680 ut
473 2615 697 2704 praeferendus
711 2615 750 2679 sit
764 2615 992 2693 con'unctivus,
1008 2628 1041 2678 at
1054 2614 1178 2688 indica,

122 2699 210 2764 tivus
229 2723 292 2766 non
312 2698 360 2768 est
381 2716 487 2768 tamen
508 2701 614 2768 falsas.
654 2702 724 2766 'Sed
743 2702 776 2765 in
790 2639 845 2766 illo
857 2699 922 2767 '0d·.
938 2707 961 2764 Ι.
978 2701 1051 2770 277.
1068 2701 1120 2764 οὐδ’
1136 2699 1172 2764 ἂν

125 2786 185 2872 lyd
200 2790 266 2864 Διδς
281 2787 361 2876 ἔχθος
375 2789 543 2873 ἀλευάμενος
560 2788 718 2871 πεφιδοίμην
738 2788 799 2852 οὔτε
820 2795 881 2867 σεῦ,
897 2787 948 2851 οὔθ’
964 2787 1079 2885 ἑτάρων,
1094 2790 1168 2869 εἰμὴ

123 2871 206 2958 θομιίς
219 2901 256 2956 με
277 2875 392 2954 κελεύει,
407 2888 479 2940 uta
492 2897 633 2940 sermone
654 2873 798 2938 familiari
818 2873 977 2939 excusatio
999 2886 1049 2952 snt,
1065 2885 1170 2936 tamen

122 2959 294 3024 sententiae
309 2981 418 3026 caussa
431 2961 608 3050 optativum
622 2974 819 3048 anteponam.

130 3127 131 3134 ρ
169 3045 316 3133 Denique
335 3045 415 3113 alius
433 3049 556 3136 generis
570 3049 630 3112 hoc
644 3062 692 3112 est
707 3048 767 3111 Od.
783 3053 820 3110 Ὺ.
837 3049 909 3110 385.
926 3045 993 3109 ἀλλ’
1009 3043 1097 3108 ἀκέων
1111 3071 1169 3107 ποι-

121 3132 192 3216 τέρα
211 3133 416 3222 προσεδέρκετο,
440 3134 567 3221 δέγμενος
590 3135 653 3211 αἰεί,
677 3133 777 3197 ὁππότε
803 3136 832 3211 δὴ
856 3137 1023 3214 μνηστῆρσιν
1047 3128 1169 3193 ἀναιδέσι

122 3217 353 3370 {llll
370 3223 457 3370 p..
470 3221 619 3371 &lage
636 3218 837 3369 δὲδῗδῖἳ.
849 3216 1168 3372 6666δεῖ66

243 3353 250 3367 ·
346 3355 352 3369 ι
418 3337 424 3370 Ι
990 3351 996 3366 ι
1059 3351 1066 3364 ι

124 3403 199 3454 nat:
223 3391 278 3454 sed
292 3325 638 3480 spaasiiqiillefenderi
651 3391 747 3470 volet,
762 3415 800 3456 eo
814 3390 861 3455 uti
875 3403 1062 3489 argumento
1079 3323 1173 3456 delii-

122 3476 183 3554 bit,
209 3477 297 3563 quod
321 3479 446 3558 Graeci,
473 3501 555 3565 quae
578 3503 617 3543 ex
642 3478 743 3543 aliena
766 3490 870 3542 mente
896 3477 1056 3554 dicuntur,
1081 3497 1172 3560 saepe

124 3562 214 3626 velut
229 3586 268 3652 ex
282 3565 453 3650 praesentis
467 3588 520 3630 ore
534 3566 704 3653 proferant.
751 3564 814 3643 Qui
831 3587 909 3641 mos,
923 3563 971 3625 fre
994 3583 1071 3624 uens
1085 3560 1173 3710 apud

25 3661 29 3670 ’
124 3649 322 3729 recentiores,
334 3651 401 3738 ipse
415 3674 543 3738 quoque
557 3649 677 3714 radioes
690 3673 762 3714 suas
775 3649 808 3712 in
822 3650 965 3713 Homero
972 3586 1082 3726 liabet.
1128 3660 1173 3711 ta
1273 3661 1274 3664 ’

125 3759 190 3823 que
204 3735 253 3799 his
267 3759 395 3827 quoque
416 3737 449 3802 in
468 3737 543 3802 loeis
560 3738 663 3817 ἐφήσει,
680 3737 705 3801 si
719 3759 844 3800 versum
859 3737 910 3805 39.
931 3756 1102 3821 eompares,
1118 3734 1173 3798 ha-

124 3821 225 3900 bebit,
241 3845 306 3909 quo
322 3823 520 3911 defendatur.
566 3825 654 3888 Rara
675 3836 778 3888 tamen
800 3822 878 3886 haee
898 3833 973 3886 sunt
994 3821 1081 3907 apud
1104 3820 1173 3884 Ho-

126 3929 261 3972 merum.
286 3909 328 3974 ll.
343 3915 388 3973 Μ.
400 3914 451 3981 59.
468 3912 543 3992 πεζοὶ
559 3911 586 3974 δὲ
600 3909 741 3992 μενοίνεον,
758 3913 780 3973 εἰ
795 3910 943 3973 τελέουσιν.
968 3906 1030 3971 Od.
1046 3911 1084 3970 N.
1097 3907 1171 3976 339.

126 3997 219 4081 αὐτὰρ
240 3994 299 4080 ἐγὼ
316 3999 351 4058 τδ
368 3998 419 4078 μὲν
442 3995 532 4060 οὔποτ’
553 3996 693 4076 ἀπίστεον,
714 3997 781 4059 ἀλλ’
806 3995 841 4058 nl
863 3997 938 4080 θυμῷ
959 3991 1022 4079 ᾔδε’,
1044 3990 1058 4055 δ
1077 3992 1174 4070 νοητή·

125 4106 195 4160 σεις,
211 4081 299 4191 ριιοά
315 4081 463 4147 Minerva
479 4083 548 4170 jam
568 4105 692 4148 reverso
706 4081 790 4146 dicit.
835 4083 866 4142 P.
882 4079 955 4144 360.
972 4081 1061 4164 αὐτὰρ
1075 4076 1172 4154 Ἀθήνη

126 4165 235 4252 depos,
250 4169 285 4241 νίς
298 4167 333 4230 dv
348 4167 434 4253 πιίρνα
449 4177 526 4233 κατὰ
547 4173 702 4254 μνηστῆρας
724 4167 842 4254 ἀγείροι,
858 4165 934 4252 γνοίη
952 4166 984 4241 θ’,
1001 4161 1093 4238 οίτινές
1108 4167 1174 4225 εἰσιν

127 4252 276 4334 ἐναίσιμοι,
291 4255 316 4316 oi
329 4255 354 4316 τ’
370 4255 524 4336 ἀθέμιστοι.
558 4256 598 4318 In
613 4253 667 4317 illo
681 4255 716 4321 Ξ.
733 4255 807 4318 331.
828 4257 867 4316 Τ.
883 4253 955 4316 388.
972 4249 1075 4331 ὤμοσε,
1089 4247 1175 4336 ἔπαρ-

126 4337 194 4415 τέιις
209 4340 296 4423 ἔμμεν
309 4339 443 4427 ἑταίρους,
459 4339 483 4405 οἳ
505 4342 534 4421 δη
554 4367 601 4425 μιν
621 4339 866 4423 πθμθουσι·ρίλην
889 4341 915 4412 ἐς
936 4334 1056 4422 πατρίδα
1077 4339 1183 4422 γαῖαν,

627 4428 684 4490 x3
