<?xml version="1.0" encoding="UTF-8"?>
<!DOCTYPE html PUBLIC "-//W3C//DTD XHTML 1.0 Transitional//EN"
    "http://www.w3.org/TR/xhtml1/DTD/xhtml1-transitional.dtd">
<html xmlns="http://www.w3.org/1999/xhtml" xml:lang="en" lang="en">
 <head>
  <title>
</title>
<meta http-equiv="Content-Type" content="text/html;charset=utf-8" />
  <meta name='ocr-system' content='tesseract 3.04.00' />
  <meta name='ocr-capabilities' content='ocr_page ocr_carea ocr_par ocr_line ocrx_word'/>
</head>
<body>
  <div class='ocr_page' id='page_1' title='image "./excursusinhomer00hermgoog_0339.png"; bbox 0 0 2998 5052; ppageno 0'>
   <div class='ocr_carea' id='block_1_1' title="bbox 314 339 983 419">
    <p class='ocr_par' dir='ltr' id='par_1_1' title="bbox 314 339 983 419">
     <span class='ocr_line' id='line_1_1' title="bbox 314 339 983 419; baseline -0.007 0"><span class='ocrx_word' id='word_1_1' title='bbox 314 339 394 419; x_wconf 80' lang='lat' dir='ltr'><strong>aas&#39;</strong></span> <span class='ocrx_word' id='word_1_2' title='bbox 689 351 983 416; x_wconf 61' lang='lat' dir='ltr'><strong>annuarum</strong></span> 
     </span>
    </p>
   </div>
   <div class='ocr_carea' id='block_1_2' title="bbox 313 520 1378 3373">
    <p class='ocr_par' dir='ltr' id='par_1_2' title="bbox 313 520 1378 3373">
     <span class='ocr_line' id='line_1_2' title="bbox 313 520 1365 612; baseline -0.007 -24"><span class='ocrx_word' id='word_1_3' title='bbox 313 525 417 612; x_wconf 79' lang='grc' dir='ltr'>οὔρεσιν</span> <span class='ocrx_word' id='word_1_4' title='bbox 440 521 614 610; x_wconf 70' lang='grc' dir='ltr'><strong>ὑψικάρηνοι,</strong></span> <span class='ocrx_word' id='word_1_5' title='bbox 630 521 684 586; x_wconf 70' lang='grc' dir='ltr'>αἵτ’</span> <span class='ocrx_word' id='word_1_6' title='bbox 701 521 800 605; x_wconf 74' lang='grc' dir='ltr'>ἄνεμον</span> <span class='ocrx_word' id='word_1_7' title='bbox 822 522 953 606; x_wconf 79' lang='grc' dir='ltr'><strong><em>μίμνουσι</em></strong></span> <span class='ocrx_word' id='word_1_8' title='bbox 969 524 1016 587; x_wconf 75' lang='grc' dir='ltr'>καὶ</span> <span class='ocrx_word' id='word_1_9' title='bbox 1040 523 1116 586; x_wconf 83' lang='grc' dir='ltr'>όετὺν</span> <span class='ocrx_word' id='word_1_10' title='bbox 1138 520 1365 604; x_wconf 73' lang='grc' dir='ltr'>ἤματαποίντα,</span> 
     </span>
     <span class='ocr_line' id='line_1_3' title="bbox 314 606 1368 700; baseline -0.007 -26"><span class='ocrx_word' id='word_1_11' title='bbox 314 611 416 700; x_wconf 81' lang='grc' dir='ltr'>ῥίζησιν</span> <span class='ocrx_word' id='word_1_12' title='bbox 431 608 575 697; x_wconf 81' lang='grc' dir='ltr'>μεγόιλησι</span> <span class='ocrx_word' id='word_1_13' title='bbox 590 607 752 686; x_wconf 83' lang='grc' dir='ltr'>διηνεκέεσσ’</span> <span class='ocrx_word' id='word_1_14' title='bbox 769 613 908 698; x_wconf 76' lang='grc' dir='ltr'>ἀραρυῖαι.</span> <span class='ocrx_word' id='word_1_15' title='bbox 932 615 972 674; x_wconf 93' lang='grc' dir='ltr'><strong>Ο.</strong></span> <span class='ocrx_word' id='word_1_16' title='bbox 988 608 1060 674; x_wconf 74' lang='grc'><strong>614.</strong></span> <span class='ocrx_word' id='word_1_17' title='bbox 1076 607 1139 687; x_wconf 82' lang='grc' dir='ltr'>ἣότε</span> <span class='ocrx_word' id='word_1_18' title='bbox 1161 606 1248 693; x_wconf 83' lang='grc' dir='ltr'>πέτρη</span> <span class='ocrx_word' id='word_1_19' title='bbox 1265 606 1368 686; x_wconf 64' lang='grc' dir='ltr'>ἠλίβα·</span> 
     </span>
     <span class='ocr_line' id='line_1_4' title="bbox 315 692 1368 782; baseline -0.008 -20"><span class='ocrx_word' id='word_1_20' title='bbox 315 725 372 776; x_wconf 90' lang='grc' dir='ltr'>τος,</span> <span class='ocrx_word' id='word_1_21' title='bbox 387 695 515 782; x_wconf 87' lang='grc' dir='ltr'>μεγόιλη,</span> <span class='ocrx_word' id='word_1_22' title='bbox 534 701 628 771; x_wconf 75' lang='grc' dir='ltr'>πολιῆς</span> <span class='ocrx_word' id='word_1_23' title='bbox 651 697 720 770; x_wconf 78' lang='grc' dir='ltr'>ἁλδς</span> <span class='ocrx_word' id='word_1_24' title='bbox 743 697 830 782; x_wconf 75' lang='grc' dir='ltr'>ἔγγὺς</span> <span class='ocrx_word' id='word_1_25' title='bbox 853 699 947 775; x_wconf 73' lang='grc' dir='ltr'>ἐοῦσα,</span> <span class='ocrx_word' id='word_1_26' title='bbox 968 697 1015 774; x_wconf 78' lang='grc' dir='ltr'><strong>ἥτε</strong></span> <span class='ocrx_word' id='word_1_27' title='bbox 1037 695 1111 778; x_wconf 86' lang='grc' dir='ltr'>μένει</span> <span class='ocrx_word' id='word_1_28' title='bbox 1134 694 1236 779; x_wconf 88' lang='grc' dir='ltr'>λιγέων</span> <span class='ocrx_word' id='word_1_29' title='bbox 1259 692 1368 774; x_wconf 75' lang='grc' dir='ltr'>ἀνέμων</span> 
     </span>
     <span class='ocr_line' id='line_1_5' title="bbox 317 779 1366 868; baseline -0.006 -22"><span class='ocrx_word' id='word_1_30' title='bbox 317 786 444 866; x_wconf 73' lang='grc' dir='ltr'>λαιψηροὶ</span> <span class='ocrx_word' id='word_1_31' title='bbox 467 783 594 860; x_wconf 78' lang='grc' dir='ltr'>κέλευθοι,</span> <span class='ocrx_word' id='word_1_32' title='bbox 610 781 726 864; x_wconf 84' lang='grc' dir='ltr'>κὺμοιτόι</span> <span class='ocrx_word' id='word_1_33' title='bbox 747 808 778 844; x_wconf 87' lang='grc' dir='ltr'><strong>τε</strong></span> <span class='ocrx_word' id='word_1_34' title='bbox 800 781 959 867; x_wconf 81' lang='grc' dir='ltr'>τροφόεντα,</span> <span class='ocrx_word' id='word_1_35' title='bbox 974 782 1012 846; x_wconf 87' lang='grc' dir='ltr'>τόι</span> <span class='ocrx_word' id='word_1_36' title='bbox 1028 809 1060 845; x_wconf 88' lang='grc' dir='ltr'><strong>τε</strong></span> <span class='ocrx_word' id='word_1_37' title='bbox 1080 779 1297 868; x_wconf 73' lang='grc' dir='ltr'>προσερεύγεται</span> <span class='ocrx_word' id='word_1_38' title='bbox 1313 781 1366 840; x_wconf 88' lang='grc' dir='ltr'>αὑ-</span> 
     </span>
     <span class='ocr_line' id='line_1_6' title="bbox 317 865 1367 955; baseline -0.005 -24"><span class='ocrx_word' id='word_1_39' title='bbox 317 870 374 948; x_wconf 78' lang='grc' dir='ltr'>τήν.</span> <span class='ocrx_word' id='word_1_40' title='bbox 399 875 429 932; x_wconf 91' lang='grc' dir='ltr'><strong>Ρ.</strong></span> <span class='ocrx_word' id='word_1_41' title='bbox 447 870 520 936; x_wconf 74' lang='grc'><strong>747.</strong></span> <span class='ocrx_word' id='word_1_42' title='bbox 543 865 615 932; x_wconf 83' lang='grc' dir='ltr'>οὑστε</span> <span class='ocrx_word' id='word_1_43' title='bbox 637 866 711 955; x_wconf 87' lang='grc' dir='ltr'><strong>προὺν</strong></span> <span class='ocrx_word' id='word_1_44' title='bbox 734 868 845 954; x_wconf 76' lang='grc' dir='ltr'>ὑσχόινει</span> <span class='ocrx_word' id='word_1_45' title='bbox 868 865 948 955; x_wconf 74' lang='grc' dir='ltr'>ὕδωρ,</span> <span class='ocrx_word' id='word_1_46' title='bbox 965 869 1064 946; x_wconf 72' lang='grc' dir='ltr'>ὑλήεις,</span> <span class='ocrx_word' id='word_1_47' title='bbox 1086 867 1183 930; x_wconf 81' lang='grc' dir='ltr'>πεδίοιο</span> <span class='ocrx_word' id='word_1_48' title='bbox 1208 865 1367 952; x_wconf 76' lang='grc' dir='ltr'>διαπρύσιον</span> 
     </span>
     <span class='ocr_line' id='line_1_7' title="bbox 318 949 1368 1042; baseline -0.004 -24"><span class='ocrx_word' id='word_1_49' title='bbox 318 953 489 1042; x_wconf 79' lang='grc' dir='ltr'>τετυχηκός·</span> <span class='ocrx_word' id='word_1_50' title='bbox 506 952 531 1030; x_wconf 87' lang='grc' dir='ltr'><strong>ός</strong></span> <span class='ocrx_word' id='word_1_51' title='bbox 545 980 576 1016; x_wconf 92' lang='grc' dir='ltr'><strong>τε</strong></span> <span class='ocrx_word' id='word_1_52' title='bbox 592 956 640 1018; x_wconf 81' lang='grc' dir='ltr'>καὶ</span> <span class='ocrx_word' id='word_1_53' title='bbox 655 952 769 1038; x_wconf 77' lang='grc' dir='ltr'>ἰφθίμων</span> <span class='ocrx_word' id='word_1_54' title='bbox 780 961 912 1036; x_wconf 79' lang='grc' dir='ltr'>ποταμῶν</span> <span class='ocrx_word' id='word_1_55' title='bbox 926 959 1059 1040; x_wconf 72' lang='grc' dir='ltr'>ἀλεγεινοὶ</span> <span class='ocrx_word' id='word_1_56' title='bbox 1072 953 1166 1040; x_wconf 85' lang='grc' dir='ltr'>ῥέεθρα</span> <span class='ocrx_word' id='word_1_57' title='bbox 1180 950 1275 1036; x_wconf 85' lang='grc' dir='ltr'>ἰ’σχει,</span> <span class='ocrx_word' id='word_1_58' title='bbox 1291 949 1368 1036; x_wconf 77' lang='grc' dir='ltr'>ἄφαρ</span> 
     </span>
     <span class='ocr_line' id='line_1_8' title="bbox 320 1038 1370 1125; baseline -0.006 -21"><span class='ocrx_word' id='word_1_59' title='bbox 320 1041 348 1104; x_wconf 85' lang='grc' dir='ltr'>δέ</span> <span class='ocrx_word' id='word_1_60' title='bbox 362 1067 393 1104; x_wconf 88' lang='grc' dir='ltr'><strong>τε</strong></span> <span class='ocrx_word' id='word_1_61' title='bbox 407 1047 478 1104; x_wconf 76' lang='grc' dir='ltr'>πᾶσι</span> <span class='ocrx_word' id='word_1_62' title='bbox 493 1041 551 1125; x_wconf 89' lang='grc' dir='ltr'>ῥόον</span> <span class='ocrx_word' id='word_1_63' title='bbox 570 1039 686 1104; x_wconf 77' lang='grc' dir='ltr'>πεδίονδε</span> <span class='ocrx_word' id='word_1_64' title='bbox 703 1039 805 1119; x_wconf 86' lang='grc' dir='ltr'>τίθησιν</span> <span class='ocrx_word' id='word_1_65' title='bbox 824 1041 948 1120; x_wconf 80' lang='grc' dir='ltr'>πλάζων,</span> <span class='ocrx_word' id='word_1_66' title='bbox 966 1039 1024 1105; x_wconf 86' lang='grc' dir='ltr'>οὑδέ</span> <span class='ocrx_word' id='word_1_67' title='bbox 1038 1039 1066 1104; x_wconf 85' lang='grc' dir='ltr'>τί</span> <span class='ocrx_word' id='word_1_68' title='bbox 1079 1066 1127 1124; x_wconf 92' lang='grc' dir='ltr'>μιν</span> <span class='ocrx_word' id='word_1_69' title='bbox 1145 1038 1232 1102; x_wconf 80' lang='grc' dir='ltr'>σθένεϊ</span> <span class='ocrx_word' id='word_1_70' title='bbox 1252 1043 1370 1124; x_wconf 82' lang='grc' dir='ltr'>ῥηγνῦσι</span> 
     </span>
     <span class='ocr_line' id='line_1_9' title="bbox 320 1123 1370 1272; baseline -0.002 -84"><span class='ocrx_word' id='word_1_71' title='bbox 320 1127 432 1212; x_wconf 76' lang='grc' dir='ltr'>ῥέοντες.</span> <span class='ocrx_word' id='word_1_72' title='bbox 468 1125 529 1191; x_wconf 91' lang='lat' dir='ltr'><strong>Od.</strong></span> <span class='ocrx_word' id='word_1_73' title='bbox 553 1131 576 1188; x_wconf 89' lang='grc'><strong>1.</strong></span> <span class='ocrx_word' id='word_1_74' title='bbox 594 1129 667 1196; x_wconf 90' lang='grc'><strong>190.</strong></span> <span class='ocrx_word' id='word_1_75' title='bbox 691 1129 749 1191; x_wconf 82' lang='grc' dir='ltr'>οὑδὲ</span> <span class='ocrx_word' id='word_1_76' title='bbox 772 1126 848 1210; x_wconf 72' lang='grc' dir='ltr'>ἐῴκει</span> <span class='ocrx_word' id='word_1_77' title='bbox 875 1126 952 1213; x_wconf 76' lang='grc' dir='ltr'>ἀνδρί</span> <span class='ocrx_word' id='word_1_78' title='bbox 974 1153 1009 1213; x_wconf 85' lang='grc' dir='ltr'><strong>γε</strong></span> <span class='ocrx_word' id='word_1_79' title='bbox 1034 1124 1192 1210; x_wconf 78' lang='grc' dir='ltr'>σιτοφάγῳ,</span> <span class='ocrx_word' id='word_1_80' title='bbox 1215 1129 1295 1187; x_wconf 81' lang='grc' dir='ltr'>ὑλλοδ</span> <span class='ocrx_word' id='word_1_81' title='bbox 1313 1123 1370 1272; x_wconf 67' lang='grc' dir='ltr'><strong>ῥίῳ</strong></span> 
     </span>
     <span class='ocr_line' id='line_1_10' title="bbox 320 1208 1370 1298; baseline -0.004 -23"><span class='ocrx_word' id='word_1_82' title='bbox 320 1213 427 1290; x_wconf 80' lang='grc' dir='ltr'>ὑλήεντι</span> <span class='ocrx_word' id='word_1_83' title='bbox 450 1213 564 1290; x_wconf 72' lang='grc' dir='ltr'>ὑψηλῶν</span> <span class='ocrx_word' id='word_1_84' title='bbox 582 1213 672 1298; x_wconf 87' lang='grc' dir='ltr'>όρέων,</span> <span class='ocrx_word' id='word_1_85' title='bbox 687 1211 746 1276; x_wconf 85' lang='grc' dir='ltr'><strong>ότε</strong></span> <span class='ocrx_word' id='word_1_86' title='bbox 761 1213 885 1294; x_wconf 85' lang='grc' dir='ltr'>φαίνεται</span> <span class='ocrx_word' id='word_1_87' title='bbox 902 1213 954 1276; x_wconf 77' lang='grc' dir='ltr'>οἷον</span> <span class='ocrx_word' id='word_1_88' title='bbox 969 1215 1016 1278; x_wconf 78' lang='grc' dir='ltr'>ὑπ’</span> <span class='ocrx_word' id='word_1_89' title='bbox 1031 1211 1137 1276; x_wconf 78' lang='grc' dir='ltr'>ἄλλων.</span> <span class='ocrx_word' id='word_1_90' title='bbox 1172 1208 1292 1274; x_wconf 89' lang='lat' dir='ltr'><strong>Nullus</strong></span> <span class='ocrx_word' id='word_1_91' title='bbox 1336 1233 1370 1272; x_wconf 93' lang='lat' dir='ltr'><strong>o-</strong></span> 
     </span>
     <span class='ocr_line' id='line_1_11' title="bbox 320 1295 1369 1386; baseline -0.003 -25"><span class='ocrx_word' id='word_1_92' title='bbox 320 1321 393 1361; x_wconf 90' lang='lat' dir='ltr'><strong>rum</strong></span> <span class='ocrx_word' id='word_1_93' title='bbox 413 1297 554 1363; x_wconf 89' lang='lat' dir='ltr'><strong>locorum</strong></span> <span class='ocrx_word' id='word_1_94' title='bbox 576 1299 813 1386; x_wconf 86' lang='lat' dir='ltr'><strong>conjunctivum</strong></span> <span class='ocrx_word' id='word_1_95' title='bbox 832 1297 987 1364; x_wconf 77' lang='lat' dir='ltr'><strong>admittit:</strong></span> <span class='ocrx_word' id='word_1_96' title='bbox 1012 1322 1076 1386; x_wconf 95' lang='lat' dir='ltr'><strong>quo</strong></span> <span class='ocrx_word' id='word_1_97' title='bbox 1095 1297 1198 1385; x_wconf 86' lang='lat' dir='ltr'><strong>posito</strong></span> <span class='ocrx_word' id='word_1_98' title='bbox 1215 1295 1284 1360; x_wconf 89' lang='lat' dir='ltr'><strong>fieri</strong></span> <span class='ocrx_word' id='word_1_99' title='bbox 1306 1317 1369 1359; x_wconf 87' lang='lat' dir='ltr'><strong>non</strong></span> 
     </span>
     <span class='ocr_line' id='line_1_12' title="bbox 321 1381 1372 1472; baseline -0.003 -25"><span class='ocrx_word' id='word_1_100' title='bbox 321 1396 437 1472; x_wconf 87' lang='lat' dir='ltr'><strong>posset,</strong></span> <span class='ocrx_word' id='word_1_101' title='bbox 453 1385 542 1472; x_wconf 92' lang='lat' dir='ltr'><strong>quin,</strong></span> <span class='ocrx_word' id='word_1_102' title='bbox 559 1408 640 1472; x_wconf 88' lang='lat' dir='ltr'><strong>quae</strong></span> <span class='ocrx_word' id='word_1_103' title='bbox 664 1408 748 1450; x_wconf 90' lang='lat' dir='ltr'><strong>nunc</strong></span> <span class='ocrx_word' id='word_1_104' title='bbox 771 1408 953 1472; x_wconf 84' lang='lat' dir='ltr'><strong>permanere</strong></span> <span class='ocrx_word' id='word_1_105' title='bbox 978 1384 1202 1472; x_wconf 85' lang='lat' dir='ltr'><strong>significantur,</strong></span> <span class='ocrx_word' id='word_1_106' title='bbox 1226 1381 1315 1446; x_wconf 82' lang='lat' dir='ltr'><strong>fluxa</strong></span> <span class='ocrx_word' id='word_1_107' title='bbox 1340 1393 1372 1445; x_wconf 88' lang='lat' dir='ltr'><strong>et</strong></span> 
     </span>
     <span class='ocr_line' id='line_1_13' title="bbox 322 1466 1371 1558; baseline -0.005 -24"><span class='ocrx_word' id='word_1_108' title='bbox 322 1471 516 1534; x_wconf 86' lang='lat' dir='ltr'><strong>transeuntia</strong></span> <span class='ocrx_word' id='word_1_109' title='bbox 529 1470 732 1558; x_wconf 85' lang='lat' dir='ltr'><strong>intelligenda</strong></span> <span class='ocrx_word' id='word_1_110' title='bbox 746 1485 857 1550; x_wconf 87' lang='lat' dir='ltr'><strong>essent,</strong></span> <span class='ocrx_word' id='word_1_111' title='bbox 870 1484 907 1535; x_wconf 92' lang='lat' dir='ltr'><strong>ut</strong></span> <span class='ocrx_word' id='word_1_112' title='bbox 921 1471 1002 1536; x_wconf 91' lang='lat' dir='ltr'><strong>illud</strong></span> <span class='ocrx_word' id='word_1_113' title='bbox 1018 1471 1057 1535; x_wconf 83' lang='lat'><strong>11.</strong></span> <span class='ocrx_word' id='word_1_114' title='bbox 1074 1476 1109 1534; x_wconf 82' lang='lat' dir='ltr'><strong>E.</strong></span> <span class='ocrx_word' id='word_1_115' title='bbox 1122 1469 1194 1535; x_wconf 89' lang='lat'><strong>161.</strong></span> <span class='ocrx_word' id='word_1_116' title='bbox 1211 1471 1246 1543; x_wconf 63' lang='lat' dir='ltr'><strong>a,</strong></span> <span class='ocrx_word' id='word_1_117' title='bbox 1258 1470 1286 1532; x_wconf 78' lang='grc' dir='ltr'>δὲ</span> <span class='ocrx_word' id='word_1_118' title='bbox 1301 1466 1371 1531; x_wconf 82' lang='grc' dir='ltr'>λέων</span> 
     </span>
     <span class='ocr_line' id='line_1_14' title="bbox 323 1553 1373 1646; baseline -0.002 -28"><span class='ocrx_word' id='word_1_119' title='bbox 323 1561 350 1620; x_wconf 81' lang='grc' dir='ltr'>έν</span> <span class='ocrx_word' id='word_1_120' title='bbox 365 1559 445 1636; x_wconf 75' lang='grc' dir='ltr'>βουσί</span> <span class='ocrx_word' id='word_1_121' title='bbox 462 1555 542 1642; x_wconf 80' lang='grc' dir='ltr'>θοροὺν</span> <span class='ocrx_word' id='word_1_122' title='bbox 558 1561 586 1636; x_wconf 80' lang='grc' dir='ltr'><strong>ἐξ</strong></span> <span class='ocrx_word' id='word_1_123' title='bbox 602 1557 712 1640; x_wconf 81' lang='grc' dir='ltr'>αὐχένα</span> <span class='ocrx_word' id='word_1_124' title='bbox 734 1557 786 1646; x_wconf 75' lang='grc' dir='ltr'><strong>όξη</strong></span> <span class='ocrx_word' id='word_1_125' title='bbox 809 1559 916 1644; x_wconf 77' lang='grc' dir='ltr'>πόρτιος</span> <span class='ocrx_word' id='word_1_126' title='bbox 931 1559 960 1638; x_wconf 77' lang='grc' dir='ltr'><strong>ἠὲ</strong></span> <span class='ocrx_word' id='word_1_127' title='bbox 975 1557 1047 1638; x_wconf 86' lang='grc' dir='ltr'>βοός.</span> <span class='ocrx_word' id='word_1_128' title='bbox 1094 1559 1238 1635; x_wconf 79' lang='lat' dir='ltr'><strong>Quorum</strong></span> <span class='ocrx_word' id='word_1_129' title='bbox 1261 1553 1373 1618; x_wconf 78' lang='lat' dir='ltr'><strong>similia</strong></span> 
     </span>
     <span class='ocr_line' id='line_1_15' title="bbox 322 1639 1371 1732; baseline -0.002 -26"><span class='ocrx_word' id='word_1_130' title='bbox 322 1643 354 1707; x_wconf 91' lang='lat' dir='ltr'><strong>in</strong></span> <span class='ocrx_word' id='word_1_131' title='bbox 378 1643 442 1708; x_wconf 90' lang='lat' dir='ltr'><strong>enti</strong></span> <span class='ocrx_word' id='word_1_132' title='bbox 464 1666 596 1708; x_wconf 90' lang='lat' dir='ltr'><strong>numero</strong></span> <span class='ocrx_word' id='word_1_133' title='bbox 617 1643 721 1708; x_wconf 86' lang='lat' dir='ltr'><strong>afferri</strong></span> <span class='ocrx_word' id='word_1_134' title='bbox 742 1656 885 1732; x_wconf 89' lang='lat' dir='ltr'><strong>possent:</strong></span> <span class='ocrx_word' id='word_1_135' title='bbox 909 1643 965 1708; x_wconf 91' lang='lat' dir='ltr'><strong>sed</strong></span> <span class='ocrx_word' id='word_1_136' title='bbox 985 1643 1059 1709; x_wconf 86' lang='lat' dir='ltr'><strong>satis</strong></span> <span class='ocrx_word' id='word_1_137' title='bbox 1077 1644 1179 1708; x_wconf 86' lang='lat' dir='ltr'><strong>habeo</strong></span> <span class='ocrx_word' id='word_1_138' title='bbox 1196 1639 1371 1718; x_wconf 86' lang='lat' dir='ltr'><strong>adnotasse,</strong></span> 
     </span>
     <span class='ocr_line' id='line_1_16' title="bbox 322 1667 1375 1819; baseline -0.004 -25"><span class='ocrx_word' id='word_1_139' title='bbox 322 1667 528 1794; x_wconf 55' lang='lat' dir='ltr'><strong>infiicativum</strong></span> <span class='ocrx_word' id='word_1_140' title='bbox 554 1729 667 1809; x_wconf 85' lang='lat' dir='ltr'><strong>futuri,</strong></span> <span class='ocrx_word' id='word_1_141' title='bbox 691 1729 746 1818; x_wconf 93' lang='lat' dir='ltr'><strong>qui</strong></span> <span class='ocrx_word' id='word_1_142' title='bbox 769 1755 808 1794; x_wconf 89' lang='lat' dir='ltr'><strong>ex</strong></span> <span class='ocrx_word' id='word_1_143' title='bbox 832 1729 1014 1819; x_wconf 85' lang='lat' dir='ltr'><strong>hujusmodi</strong></span> <span class='ocrx_word' id='word_1_144' title='bbox 1037 1728 1188 1817; x_wconf 84' lang='lat' dir='ltr'><strong>exemplis</strong></span> <span class='ocrx_word' id='word_1_145' title='bbox 1210 1725 1333 1815; x_wconf 87' lang='lat' dir='ltr'><strong>saepius</strong></span> <span class='ocrx_word' id='word_1_146' title='bbox 1354 1749 1375 1790; x_wconf 85' lang='lat' dir='ltr'><strong>a</strong></span> 
     </span>
     <span class='ocr_line' id='line_1_17' title="bbox 325 1814 1374 1903; baseline -0.001 -25"><span class='ocrx_word' id='word_1_147' title='bbox 325 1815 446 1880; x_wconf 89' lang='lat' dir='ltr'>Wolfio</span> <span class='ocrx_word' id='word_1_148' title='bbox 468 1817 585 1903; x_wconf 88' lang='lat' dir='ltr'><strong>ejectus</strong></span> <span class='ocrx_word' id='word_1_149' title='bbox 607 1828 664 1895; x_wconf 89' lang='lat' dir='ltr'><strong>est,</strong></span> <span class='ocrx_word' id='word_1_150' title='bbox 681 1817 834 1896; x_wconf 91' lang='lat' dir='ltr'><strong>nondum,</strong></span> <span class='ocrx_word' id='word_1_151' title='bbox 852 1831 888 1882; x_wconf 93' lang='lat' dir='ltr'><strong>ut</strong></span> <span class='ocrx_word' id='word_1_152' title='bbox 909 1841 929 1881; x_wconf 95' lang='grc' dir='ltr'>ο</span> <span class='ocrx_word' id='word_1_153' title='bbox 971 1818 1086 1896; x_wconf 88' lang='lat' dir='ltr'><strong>rtebat,</strong></span> <span class='ocrx_word' id='word_1_154' title='bbox 1102 1814 1225 1880; x_wconf 86' lang='lat' dir='ltr'><strong>cessisse</strong></span> <span class='ocrx_word' id='word_1_155' title='bbox 1245 1814 1374 1901; x_wconf 89' lang='lat' dir='ltr'><strong>conjun-</strong></span> 
     </span>
     <span class='ocr_line' id='line_1_18' title="bbox 324 1900 1372 1989; baseline -0.004 -23"><span class='ocrx_word' id='word_1_156' title='bbox 324 1900 463 1966; x_wconf 88' lang='lat' dir='ltr'><strong>ctivoll.</strong></span> <span class='ocrx_word' id='word_1_157' title='bbox 480 1905 600 1970; x_wconf 59' lang='grc'><strong>11147.</strong></span> <span class='ocrx_word' id='word_1_158' title='bbox 615 1905 689 1972; x_wconf 78' lang='lat'><strong>395.</strong></span> <span class='ocrx_word' id='word_1_159' title='bbox 708 1903 779 1986; x_wconf 92' lang='lat' dir='ltr'><strong>(ubi</strong></span> <span class='ocrx_word' id='word_1_160' title='bbox 800 1926 863 1967; x_wconf 91' lang='lat' dir='ltr'><strong>non</strong></span> <span class='ocrx_word' id='word_1_161' title='bbox 883 1903 922 1968; x_wconf 91' lang='lat' dir='ltr'><strong>de</strong></span> <span class='ocrx_word' id='word_1_162' title='bbox 945 1903 1017 1968; x_wconf 88' lang='lat' dir='ltr'><strong>ebat</strong></span> <span class='ocrx_word' id='word_1_163' title='bbox 1033 1901 1238 1967; x_wconf 87' lang='lat' dir='ltr'><strong>Thiersehius</strong></span> <span class='ocrx_word' id='word_1_164' title='bbox 1251 1924 1283 1989; x_wconf 94' lang='lat' dir='ltr'><strong>p.</strong></span> <span class='ocrx_word' id='word_1_165' title='bbox 1301 1901 1372 1968; x_wconf 91' lang='grc'><strong>177.</strong></span> 
     </span>
     <span class='ocr_line' id='line_1_19' title="bbox 327 1985 1374 2074; baseline -0.003 -22"><span class='ocrx_word' id='word_1_166' title='bbox 327 1987 364 2052; x_wconf 72' lang='grc' dir='ltr'>ὅτ’</span> <span class='ocrx_word' id='word_1_167' title='bbox 381 1987 500 2066; x_wconf 81' lang='grc' dir='ltr'>ἐκίνησεν</span> <span class='ocrx_word' id='word_1_168' title='bbox 515 1989 698 2074; x_wconf 89' lang='lat' dir='ltr'><strong>obtrudere)</strong></span> <span class='ocrx_word' id='word_1_169' title='bbox 717 1991 842 2053; x_wconf 79' lang='lat' dir='ltr'><strong>K.183.</strong></span> <span class='ocrx_word' id='word_1_170' title='bbox 859 1990 920 2054; x_wconf 91' lang='lat' dir='ltr'><strong>Od.</strong></span> <span class='ocrx_word' id='word_1_171' title='bbox 937 1996 972 2053; x_wconf 84' lang='lat' dir='ltr'><strong>E.</strong></span> <span class='ocrx_word' id='word_1_172' title='bbox 990 1988 1063 2054; x_wconf 77' lang='lat'><strong>368.</strong></span> <span class='ocrx_word' id='word_1_173' title='bbox 1090 1991 1166 2053; x_wconf 85' lang='lat' dir='ltr'><strong>Jam</strong></span> <span class='ocrx_word' id='word_1_174' title='bbox 1180 2011 1256 2052; x_wconf 86' lang='lat' dir='ltr'><strong>vero</strong></span> <span class='ocrx_word' id='word_1_175' title='bbox 1270 1985 1374 2051; x_wconf 89' lang='lat' dir='ltr'><strong>existi-</strong></span> 
     </span>
     <span class='ocr_line' id='line_1_20' title="bbox 326 2073 1371 2162; baseline -0.003 -25"><span class='ocrx_word' id='word_1_176' title='bbox 326 2074 405 2138; x_wconf 91' lang='lat' dir='ltr'><strong>mari</strong></span> <span class='ocrx_word' id='word_1_177' title='bbox 427 2073 553 2162; x_wconf 89' lang='lat' dir='ltr'><strong>poterit,</strong></span> <span class='ocrx_word' id='word_1_178' title='bbox 569 2075 649 2161; x_wconf 93' lang='lat' dir='ltr'><strong>quid</strong></span> <span class='ocrx_word' id='word_1_179' title='bbox 670 2074 869 2139; x_wconf 89' lang='lat' dir='ltr'><strong>sentiendum</strong></span> <span class='ocrx_word' id='word_1_180' title='bbox 889 2075 928 2140; x_wconf 87' lang='lat' dir='ltr'><strong>sit</strong></span> <span class='ocrx_word' id='word_1_181' title='bbox 949 2075 989 2139; x_wconf 92' lang='lat' dir='ltr'><strong>de</strong></span> <span class='ocrx_word' id='word_1_182' title='bbox 1008 2075 1058 2140; x_wconf 91' lang='lat' dir='ltr'><strong>his</strong></span> <span class='ocrx_word' id='word_1_183' title='bbox 1073 2074 1166 2140; x_wconf 92' lang='lat' dir='ltr'><strong>locis:</strong></span> <span class='ocrx_word' id='word_1_184' title='bbox 1192 2074 1233 2139; x_wconf 90' lang='lat' dir='ltr'><strong>Il.</strong></span> <span class='ocrx_word' id='word_1_185' title='bbox 1245 2079 1283 2138; x_wconf 87' lang='lat' dir='ltr'><strong>A.</strong></span> <span class='ocrx_word' id='word_1_186' title='bbox 1301 2076 1371 2144; x_wconf 71' lang='lat'><strong>492.</strong></span> 
     </span>
     <span class='ocr_line' id='line_1_21' title="bbox 326 2158 1375 2250; baseline 0 -28"><span class='ocrx_word' id='word_1_187' title='bbox 326 2162 361 2235; x_wconf 82' lang='grc' dir='ltr'><strong>ιὺς</strong></span> <span class='ocrx_word' id='word_1_188' title='bbox 377 2163 398 2222; x_wconf 85' lang='grc' dir='ltr'>δ’</span> <span class='ocrx_word' id='word_1_189' title='bbox 414 2160 492 2224; x_wconf 80' lang='grc' dir='ltr'>ὁπότε</span> <span class='ocrx_word' id='word_1_190' title='bbox 507 2161 615 2238; x_wconf 80' lang='grc' dir='ltr'>πλήθων</span> <span class='ocrx_word' id='word_1_191' title='bbox 629 2164 753 2242; x_wconf 85' lang='grc' dir='ltr'>ποταμός</span> <span class='ocrx_word' id='word_1_192' title='bbox 768 2159 883 2224; x_wconf 77' lang='grc' dir='ltr'>πεδίονδε</span> <span class='ocrx_word' id='word_1_193' title='bbox 898 2161 1022 2226; x_wconf 84' lang='grc' dir='ltr'>κότεισιν</span> <span class='ocrx_word' id='word_1_194' title='bbox 1033 2161 1203 2250; x_wconf 79' lang='grc' dir='ltr'>χειμᾶῥρους</span> <span class='ocrx_word' id='word_1_195' title='bbox 1218 2162 1283 2224; x_wconf 84' lang='grc' dir='ltr'>κατ’</span> <span class='ocrx_word' id='word_1_196' title='bbox 1299 2158 1375 2245; x_wconf 76' lang='grc' dir='ltr'>ὄρεσ-</span> 
     </span>
     <span class='ocr_line' id='line_1_22' title="bbox 328 2245 1375 2335; baseline 0.002 -27"><span class='ocrx_word' id='word_1_197' title='bbox 328 2265 381 2327; x_wconf 88' lang='grc' dir='ltr'>φιν,</span> <span class='ocrx_word' id='word_1_198' title='bbox 402 2245 564 2328; x_wconf 81' lang='grc' dir='ltr'>ὀπαζόμενος</span> <span class='ocrx_word' id='word_1_199' title='bbox 588 2247 654 2320; x_wconf 84' lang='grc' dir='ltr'>Διδς</span> <span class='ocrx_word' id='word_1_200' title='bbox 675 2246 779 2334; x_wconf 82' lang='grc' dir='ltr'>όμβριρ.</span> <span class='ocrx_word' id='word_1_201' title='bbox 826 2247 1020 2327; x_wconf 81' lang='lat' dir='ltr'><strong>ZenodotuS,</strong></span> <span class='ocrx_word' id='word_1_202' title='bbox 1040 2249 1131 2335; x_wconf 88' lang='lat' dir='ltr'><strong>cujus</strong></span> <span class='ocrx_word' id='word_1_203' title='bbox 1177 2246 1309 2312; x_wconf 81' lang='lat' dir='ltr'><strong>lurimae</strong></span> <span class='ocrx_word' id='word_1_204' title='bbox 1331 2245 1375 2310; x_wconf 83' lang='lat' dir='ltr'><strong>fe-</strong></span> 
     </span>
     <span class='ocr_line' id='line_1_23' title="bbox 328 2270 1375 2420; baseline 0 -24"><span class='ocrx_word' id='word_1_205' title='bbox 328 2344 444 2397; x_wconf 89' lang='lat' dir='ltr'><strong>runtur</strong></span> <span class='ocrx_word' id='word_1_206' title='bbox 465 2355 580 2420; x_wconf 80' lang='lat' dir='ltr'><strong>pravae</strong></span> <span class='ocrx_word' id='word_1_207' title='bbox 598 2332 812 2413; x_wconf 66' lang='lat' dir='ltr'><strong>correctiones</strong></span> <span class='ocrx_word' id='word_1_208' title='bbox 828 2333 944 2398; x_wconf 81' lang='grc' dir='ltr'>πεδίονδε</span> <span class='ocrx_word' id='word_1_209' title='bbox 959 2333 1047 2412; x_wconf 81' lang='grc' dir='ltr'>δίηται</span> <span class='ocrx_word' id='word_1_210' title='bbox 1063 2270 1226 2398; x_wconf 70' lang='grc' dir='ltr'>εοτίδνεδιεν.</span> <span class='ocrx_word' id='word_1_211' title='bbox 1272 2332 1315 2397; x_wconf 93' lang='lat' dir='ltr'><strong>Id</strong></span> <span class='ocrx_word' id='word_1_212' title='bbox 1329 2356 1375 2396; x_wconf 88' lang='lat' dir='ltr'><strong>ar-</strong></span> 
     </span>
     <span class='ocr_line' id='line_1_24' title="bbox 329 2417 1374 2506; baseline 0.001 -25"><span class='ocrx_word' id='word_1_213' title='bbox 329 2419 443 2506; x_wconf 87' lang='lat' dir='ltr'><strong>ripiens</strong></span> <span class='ocrx_word' id='word_1_214' title='bbox 460 2419 664 2484; x_wconf 89' lang='lat' dir='ltr'><strong>Thierschius</strong></span> <span class='ocrx_word' id='word_1_215' title='bbox 703 2470 709 2483; x_wconf 95' lang='lat'><strong>.</strong></span> <span class='ocrx_word' id='word_1_216' title='bbox 723 2421 795 2491; x_wconf 89' lang='lat'><strong>199.</strong></span> <span class='ocrx_word' id='word_1_217' title='bbox 812 2420 889 2484; x_wconf 92' lang='lat' dir='ltr'><strong>dum</strong></span> <span class='ocrx_word' id='word_1_218' title='bbox 904 2419 982 2484; x_wconf 90' lang='lat' dir='ltr'><strong>mire</strong></span> <span class='ocrx_word' id='word_1_219' title='bbox 995 2420 1126 2499; x_wconf 87' lang='lat' dir='ltr'><strong>laborat,</strong></span> <span class='ocrx_word' id='word_1_220' title='bbox 1142 2432 1178 2483; x_wconf 94' lang='lat' dir='ltr'><strong>ut</strong></span> <span class='ocrx_word' id='word_1_221' title='bbox 1193 2417 1374 2483; x_wconf 86' lang='lat' dir='ltr'><strong>insolentem</strong></span> 
     </span>
     <span class='ocr_line' id='line_1_25' title="bbox 327 2444 1374 2593; baseline -0.001 -24"><span class='ocrx_word' id='word_1_222' title='bbox 327 2505 424 2593; x_wconf 87' lang='lat' dir='ltr'><strong>hujus</strong></span> <span class='ocrx_word' id='word_1_223' title='bbox 439 2505 526 2570; x_wconf 92' lang='lat' dir='ltr'><strong>verbi</strong></span> <span class='ocrx_word' id='word_1_224' title='bbox 541 2529 634 2570; x_wconf 89' lang='lat' dir='ltr'><strong>usum</strong></span> <span class='ocrx_word' id='word_1_225' title='bbox 652 2444 759 2593; x_wconf 74' lang='lat' dir='ltr'><strong>aliquo</strong></span> <span class='ocrx_word' id='word_1_226' title='bbox 780 2507 875 2573; x_wconf 92' lang='lat' dir='ltr'><strong>modo</strong></span> <span class='ocrx_word' id='word_1_227' title='bbox 896 2505 1056 2586; x_wconf 86' lang='lat' dir='ltr'><strong>defendat,</strong></span> <span class='ocrx_word' id='word_1_228' title='bbox 1071 2505 1151 2593; x_wconf 90' lang='lat' dir='ltr'><strong>quid</strong></span> <span class='ocrx_word' id='word_1_229' title='bbox 1171 2505 1259 2570; x_wconf 84' lang='lat' dir='ltr'><strong>aliud</strong></span> <span class='ocrx_word' id='word_1_230' title='bbox 1280 2528 1374 2592; x_wconf 84' lang='lat' dir='ltr'><strong>quam</strong></span> 
     </span>
     <span class='ocr_line' id='line_1_26' title="bbox 329 2591 1375 2692; baseline 0 -37"><span class='ocrx_word' id='word_1_231' title='bbox 329 2591 414 2671; x_wconf 81' lang='lat' dir='ltr'><strong>facit,</strong></span> <span class='ocrx_word' id='word_1_232' title='bbox 430 2603 467 2655; x_wconf 94' lang='lat' dir='ltr'><strong>ut</strong></span> <span class='ocrx_word' id='word_1_233' title='bbox 484 2593 552 2679; x_wconf 88' lang='lat' dir='ltr'><strong>jam</strong></span> <span class='ocrx_word' id='word_1_234' title='bbox 575 2605 744 2657; x_wconf 86' lang='lat' dir='ltr'><strong>torrentem</strong></span> <span class='ocrx_word' id='word_1_235' title='bbox 764 2617 826 2658; x_wconf 91' lang='lat' dir='ltr'><strong>non</strong></span> <span class='ocrx_word' id='word_1_236' title='bbox 844 2593 916 2682; x_wconf 87' lang='lat' dir='ltr'><strong>jugi</strong></span> <span class='ocrx_word' id='word_1_237' title='bbox 938 2607 1156 2692; x_wconf 81' lang='lat' dir='ltr'><strong>perpetuoque</strong></span> <span class='ocrx_word' id='word_1_238' title='bbox 1174 2615 1271 2657; x_wconf 87' lang='lat' dir='ltr'><strong>eursu</strong></span> <span class='ocrx_word' id='word_1_239' title='bbox 1290 2591 1375 2670; x_wconf 87' lang='lat' dir='ltr'><strong>ferri,</strong></span> 
     </span>
     <span class='ocr_line' id='line_1_27' title="bbox 330 2677 1375 2764; baseline 0.001 -24"><span class='ocrx_word' id='word_1_240' title='bbox 330 2678 396 2756; x_wconf 90' lang='lat' dir='ltr'><strong>sed,</strong></span> <span class='ocrx_word' id='word_1_241' title='bbox 419 2677 534 2764; x_wconf 90' lang='lat' dir='ltr'><strong>leporis</strong></span> <span class='ocrx_word' id='word_1_242' title='bbox 559 2677 668 2758; x_wconf 87' lang='lat' dir='ltr'><strong>instar,</strong></span> <span class='ocrx_word' id='word_1_243' title='bbox 691 2679 783 2743; x_wconf 91' lang='lat' dir='ltr'><strong>simul</strong></span> <span class='ocrx_word' id='word_1_244' title='bbox 805 2693 837 2744; x_wconf 91' lang='lat' dir='ltr'><strong>et</strong></span> <span class='ocrx_word' id='word_1_245' title='bbox 859 2679 965 2744; x_wconf 88' lang='lat' dir='ltr'><strong>venire</strong></span> <span class='ocrx_word' id='word_1_246' title='bbox 984 2693 1016 2745; x_wconf 90' lang='lat' dir='ltr'><strong>et</strong></span> <span class='ocrx_word' id='word_1_247' title='bbox 1038 2703 1168 2745; x_wconf 78' lang='lat' dir='ltr'><strong>evasisse</strong></span> <span class='ocrx_word' id='word_1_248' title='bbox 1190 2679 1375 2743; x_wconf 83' lang='lat' dir='ltr'><strong>videamus?</strong></span> 
     </span>
     <span class='ocr_line' id='line_1_28' title="bbox 330 2762 1376 2854; baseline -0.002 -26"><span class='ocrx_word' id='word_1_249' title='bbox 330 2765 405 2828; x_wconf 92' lang='lat' dir='ltr'><strong>Non</strong></span> <span class='ocrx_word' id='word_1_250' title='bbox 427 2762 562 2828; x_wconf 89' lang='lat' dir='ltr'><strong>multum</strong></span> <span class='ocrx_word' id='word_1_251' title='bbox 587 2764 692 2829; x_wconf 86' lang='lat' dir='ltr'><strong>differt</strong></span> <span class='ocrx_word' id='word_1_252' title='bbox 711 2765 790 2830; x_wconf 93' lang='lat' dir='ltr'><strong>illud</strong></span> <span class='ocrx_word' id='word_1_253' title='bbox 804 2772 834 2829; x_wconf 92' lang='lat' dir='ltr'><strong>P.</strong></span> <span class='ocrx_word' id='word_1_254' title='bbox 851 2765 924 2831; x_wconf 73' lang='lat'><strong>263.</strong></span> <span class='ocrx_word' id='word_1_255' title='bbox 941 2770 976 2842; x_wconf 81' lang='grc' dir='ltr'><strong>ὠς</strong></span> <span class='ocrx_word' id='word_1_256' title='bbox 991 2771 1012 2830; x_wconf 86' lang='grc' dir='ltr'>δ’</span> <span class='ocrx_word' id='word_1_257' title='bbox 1028 2766 1067 2831; x_wconf 80' lang='grc' dir='ltr'>ὑπ’</span> <span class='ocrx_word' id='word_1_258' title='bbox 1082 2768 1125 2830; x_wconf 77' lang='grc' dir='ltr'>ἐπὶ</span> <span class='ocrx_word' id='word_1_259' title='bbox 1140 2771 1281 2854; x_wconf 77' lang='grc' dir='ltr'>προχοῇσι</span> <span class='ocrx_word' id='word_1_260' title='bbox 1297 2767 1376 2829; x_wconf 83' lang='grc' dir='ltr'>δι’ἰπε-</span> 
     </span>
     <span class='ocr_line' id='line_1_29' title="bbox 329 2850 1375 2941; baseline -0.001 -27"><span class='ocrx_word' id='word_1_261' title='bbox 329 2851 389 2926; x_wconf 87' lang='grc' dir='ltr'>πέος</span> <span class='ocrx_word' id='word_1_262' title='bbox 411 2855 545 2933; x_wconf 85' lang='grc' dir='ltr'>ποταμοῖο</span> <span class='ocrx_word' id='word_1_263' title='bbox 568 2850 709 2938; x_wconf 74' lang='grc' dir='ltr'>βέβρυχεν</span> <span class='ocrx_word' id='word_1_264' title='bbox 729 2852 808 2937; x_wconf 89' lang='grc' dir='ltr'>μέγα</span> <span class='ocrx_word' id='word_1_265' title='bbox 831 2860 909 2936; x_wconf 81' lang='grc' dir='ltr'>κῦμα</span> <span class='ocrx_word' id='word_1_266' title='bbox 929 2855 991 2916; x_wconf 81' lang='grc' dir='ltr'>ποτδ</span> <span class='ocrx_word' id='word_1_267' title='bbox 1014 2853 1082 2941; x_wconf 86' lang='grc' dir='ltr'>ῥόον,</span> <span class='ocrx_word' id='word_1_268' title='bbox 1103 2855 1174 2936; x_wconf 74' lang='grc' dir='ltr'>ἀμφὶ</span> <span class='ocrx_word' id='word_1_269' title='bbox 1196 2852 1224 2916; x_wconf 87' lang='grc' dir='ltr'>δέ</span> <span class='ocrx_word' id='word_1_270' title='bbox 1245 2854 1271 2914; x_wconf 83' lang='grc' dir='ltr'>τ’</span> <span class='ocrx_word' id='word_1_271' title='bbox 1291 2850 1375 2939; x_wconf 74' lang='grc' dir='ltr'>ἄκραι</span> 
     </span>
     <span class='ocr_line' id='line_1_30' title="bbox 330 2937 1375 3027; baseline 0 -26"><span class='ocrx_word' id='word_1_272' title='bbox 330 2937 411 3015; x_wconf 78' lang='grc' dir='ltr'>ἠϊόνες</span> <span class='ocrx_word' id='word_1_273' title='bbox 427 2939 553 3017; x_wconf 77' lang='grc' dir='ltr'>βοόωσιν,</span> <span class='ocrx_word' id='word_1_274' title='bbox 573 2937 749 3024; x_wconf 78' lang='grc' dir='ltr'>ἐρευγομένης</span> <span class='ocrx_word' id='word_1_275' title='bbox 770 2937 838 3013; x_wconf 77' lang='grc' dir='ltr'>ἁλός</span> <span class='ocrx_word' id='word_1_276' title='bbox 861 2941 920 3019; x_wconf 79' lang='grc' dir='ltr'><strong>ἔξω.</strong></span> <span class='ocrx_word' id='word_1_277' title='bbox 966 2939 1031 3004; x_wconf 86' lang='lat' dir='ltr'><strong>Hic</strong></span> <span class='ocrx_word' id='word_1_278' title='bbox 1051 2938 1256 3004; x_wconf 82' lang='lat' dir='ltr'><strong>Thierschius</strong></span> <span class='ocrx_word' id='word_1_279' title='bbox 1277 2963 1308 3027; x_wconf 91' lang='lat' dir='ltr'><strong>p.</strong></span> <span class='ocrx_word' id='word_1_280' title='bbox 1326 2941 1375 3002; x_wconf 71' lang='lat'><strong>20.</strong></span> 
     </span>
     <span class='ocr_line' id='line_1_31' title="bbox 331 3023 1378 3112; baseline 0.002 -26"><span class='ocrx_word' id='word_1_281' title='bbox 331 3024 459 3110; x_wconf 82' lang='grc' dir='ltr'>βεβρὺχη</span> <span class='ocrx_word' id='word_1_282' title='bbox 475 3023 537 3112; x_wconf 88' lang='lat' dir='ltr'><strong>legi</strong></span> <span class='ocrx_word' id='word_1_283' title='bbox 554 3023 671 3111; x_wconf 89' lang='lat' dir='ltr'><strong>jubens</strong></span> <span class='ocrx_word' id='word_1_284' title='bbox 692 3049 764 3090; x_wconf 87' lang='lat' dir='ltr'><strong>cum</strong></span> <span class='ocrx_word' id='word_1_285' title='bbox 785 3024 981 3105; x_wconf 80' lang='lat' dir='ltr'><strong>Aristarcho,</strong></span> <span class='ocrx_word' id='word_1_286' title='bbox 996 3025 1082 3091; x_wconf 88' lang='lat' dir='ltr'><strong>hunc</strong></span> <span class='ocrx_word' id='word_1_287' title='bbox 1102 3025 1254 3090; x_wconf 85' lang='lat' dir='ltr'><strong>festinans</strong></span> <span class='ocrx_word' id='word_1_288' title='bbox 1274 3036 1378 3089; x_wconf 85' lang='lat' dir='ltr'><strong>aucto-</strong></span> 
     </span>
     <span class='ocr_line' id='line_1_32' title="bbox 331 3109 1376 3200; baseline 0.002 -28"><span class='ocrx_word' id='word_1_289' title='bbox 331 3132 397 3174; x_wconf 88' lang='lat' dir='ltr'><strong>rem</strong></span> <span class='ocrx_word' id='word_1_290' title='bbox 427 3109 597 3174; x_wconf 86' lang='lat' dir='ltr'><strong>nominavit</strong></span> <span class='ocrx_word' id='word_1_291' title='bbox 627 3110 777 3190; x_wconf 87' lang='lat' dir='ltr'><strong>lectionis,</strong></span> <span class='ocrx_word' id='word_1_292' title='bbox 829 3135 889 3176; x_wconf 90' lang='lat' dir='ltr'><strong>uae</strong></span> <span class='ocrx_word' id='word_1_293' title='bbox 917 3111 1141 3200; x_wconf 82' lang='lat' dir='ltr'><strong>Aristophanis</strong></span> <span class='ocrx_word' id='word_1_294' title='bbox 1168 3125 1244 3176; x_wconf 87' lang='lat' dir='ltr'><strong>erat.</strong></span> <span class='ocrx_word' id='word_1_295' title='bbox 1305 3110 1376 3174; x_wconf 82' lang='lat' dir='ltr'><strong>Ari-</strong></span> 
     </span>
     <span class='ocr_line' id='line_1_33' title="bbox 331 3137 1375 3286; baseline 0.002 -28"><span class='ocrx_word' id='word_1_296' title='bbox 331 3195 473 3260; x_wconf 88' lang='lat' dir='ltr'><strong>starchus</strong></span> <span class='ocrx_word' id='word_1_297' title='bbox 495 3196 589 3275; x_wconf 88' lang='lat' dir='ltr'><strong>enirn,</strong></span> <span class='ocrx_word' id='word_1_298' title='bbox 613 3197 735 3285; x_wconf 90' lang='lat' dir='ltr'><strong>opinor,</strong></span> <span class='ocrx_word' id='word_1_299' title='bbox 755 3137 959 3286; x_wconf 61' lang='lat' dir='ltr'><strong>inteiligebat,</strong></span> <span class='ocrx_word' id='word_1_300' title='bbox 979 3198 1067 3285; x_wconf 85' lang='grc' dir='ltr'>βέβρυ</span> <span class='ocrx_word' id='word_1_301' title='bbox 1095 3225 1121 3264; x_wconf 84' lang='grc' dir='ltr'><strong>εν</strong></span> <span class='ocrx_word' id='word_1_302' title='bbox 1144 3198 1266 3264; x_wconf 89' lang='lat' dir='ltr'><strong>dictum</strong></span> <span class='ocrx_word' id='word_1_303' title='bbox 1288 3219 1375 3285; x_wconf 91' lang='lat' dir='ltr'><strong>opor-</strong></span> 
     </span>
     <span class='ocr_line' id='line_1_34' title="bbox 331 3283 1374 3373; baseline 0.004 -30"><span class='ocrx_word' id='word_1_304' title='bbox 331 3292 408 3359; x_wconf 89' lang='lat' dir='ltr'><strong>tere,</strong></span> <span class='ocrx_word' id='word_1_305' title='bbox 436 3295 473 3346; x_wconf 92' lang='lat' dir='ltr'><strong>ut</strong></span> <span class='ocrx_word' id='word_1_306' title='bbox 498 3283 538 3347; x_wconf 92' lang='lat' dir='ltr'><strong>de</strong></span> <span class='ocrx_word' id='word_1_307' title='bbox 562 3307 607 3362; x_wconf 89' lang='lat' dir='ltr'><strong>re,</strong></span> <span class='ocrx_word' id='word_1_308' title='bbox 631 3308 713 3370; x_wconf 86' lang='lat' dir='ltr'><strong>quae</strong></span> <span class='ocrx_word' id='word_1_309' title='bbox 739 3308 802 3349; x_wconf 93' lang='lat' dir='ltr'><strong>non</strong></span> <span class='ocrx_word' id='word_1_310' title='bbox 828 3285 998 3363; x_wconf 89' lang='lat' dir='ltr'><strong>interdum,</strong></span> <span class='ocrx_word' id='word_1_311' title='bbox 1024 3309 1038 3350; x_wconf 90' lang='lat' dir='ltr'><strong>s</strong></span> <span class='ocrx_word' id='word_1_312' title='bbox 1101 3298 1257 3373; x_wconf 87' lang='lat' dir='ltr'><strong>perpetuo</strong></span> <span class='ocrx_word' id='word_1_313' title='bbox 1281 3286 1374 3349; x_wconf 89' lang='lat' dir='ltr'><strong>fieret.</strong></span> 
     </span>
    </p>
   </div>
   <div class='ocr_carea' id='block_1_3' title="bbox 230 3366 1377 3457">
    <p class='ocr_par' dir='ltr' id='par_1_3' title="bbox 230 3366 1377 3457">
     <span class='ocr_line' id='line_1_35' title="bbox 230 3366 1377 3457; baseline 0.006 -30"><span class='ocrx_word' id='word_1_314' title='bbox 230 3404 235 3411; x_wconf 90' lang='lat'><strong>·</strong></span> <span class='ocrx_word' id='word_1_315' title='bbox 332 3366 544 3452; x_wconf 86' lang='lat' dir='ltr'><strong>Conjunctivo</strong></span> <span class='ocrx_word' id='word_1_316' title='bbox 566 3392 642 3433; x_wconf 90' lang='lat' dir='ltr'><strong>usus</strong></span> <span class='ocrx_word' id='word_1_317' title='bbox 664 3384 711 3434; x_wconf 92' lang='lat' dir='ltr'><strong>est</strong></span> <span class='ocrx_word' id='word_1_318' title='bbox 731 3385 825 3457; x_wconf 88' lang='lat' dir='ltr'><strong>poeta</strong></span> <span class='ocrx_word' id='word_1_319' title='bbox 844 3371 879 3435; x_wconf 93' lang='lat' dir='ltr'><strong>in</strong></span> <span class='ocrx_word' id='word_1_320' title='bbox 900 3371 992 3436; x_wconf 88' lang='lat' dir='ltr'><strong>simili</strong></span> <span class='ocrx_word' id='word_1_321' title='bbox 1008 3372 1088 3451; x_wconf 90' lang='lat' dir='ltr'><strong>loeo,</strong></span> <span class='ocrx_word' id='word_1_322' title='bbox 1105 3376 1141 3440; x_wconf 85' lang='grc' dir='ltr'><strong>Ξ.</strong></span> <span class='ocrx_word' id='word_1_323' title='bbox 1159 3371 1209 3436; x_wconf 90' lang='grc'><strong>16.</strong></span> <span class='ocrx_word' id='word_1_324' title='bbox 1233 3374 1269 3446; x_wconf 62' lang='lat' dir='ltr'><strong>a</strong></span> <span class='ocrx_word' id='word_1_325' title='bbox 1293 3373 1315 3433; x_wconf 87' lang='grc' dir='ltr'>δ’</span> <span class='ocrx_word' id='word_1_326' title='bbox 1338 3369 1377 3434; x_wconf 88' lang='grc' dir='ltr'><strong>ότε</strong></span> 
     </span>
    </p>
   </div>
   <div class='ocr_carea' id='block_1_4' title="bbox 301 3452 1378 4321">
    <p class='ocr_par' dir='ltr' id='par_1_4' title="bbox 301 3452 1378 4321">
     <span class='ocr_line' id='line_1_36' title="bbox 330 3452 1376 3544; baseline 0.006 -31"><span class='ocrx_word' id='word_1_327' title='bbox 330 3452 451 3540; x_wconf 84' lang='grc' dir='ltr'>πορφὺρη</span> <span class='ocrx_word' id='word_1_328' title='bbox 475 3453 601 3539; x_wconf 83' lang='grc' dir='ltr'>πέλαγος</span> <span class='ocrx_word' id='word_1_329' title='bbox 622 3456 702 3540; x_wconf 88' lang='grc' dir='ltr'>μέγα</span> <span class='ocrx_word' id='word_1_330' title='bbox 727 3455 832 3538; x_wconf 82' lang='grc' dir='ltr'>κόματι</span> <span class='ocrx_word' id='word_1_331' title='bbox 857 3463 951 3544; x_wconf 80' lang='grc' dir='ltr'>κωφῷ,</span> <span class='ocrx_word' id='word_1_332' title='bbox 975 3459 1122 3543; x_wconf 83' lang='grc' dir='ltr'>ὀσσόμενον</span> <span class='ocrx_word' id='word_1_333' title='bbox 1146 3458 1249 3543; x_wconf 87' lang='grc' dir='ltr'>λιγέων</span> <span class='ocrx_word' id='word_1_334' title='bbox 1272 3458 1376 3541; x_wconf 79' lang='grc' dir='ltr'>ἀνέμων</span> 
     </span>
     <span class='ocr_line' id='line_1_37' title="bbox 331 3539 1378 3633; baseline 0.008 -33"><span class='ocrx_word' id='word_1_335' title='bbox 331 3539 459 3622; x_wconf 69' lang='grc' dir='ltr'>λαιψηροὶ</span> <span class='ocrx_word' id='word_1_336' title='bbox 486 3539 619 3604; x_wconf 73' lang='grc' dir='ltr'>κέλευθοι</span> <span class='ocrx_word' id='word_1_337' title='bbox 643 3541 703 3606; x_wconf 92' lang='lat' dir='ltr'><strong>hoc</strong></span> <span class='ocrx_word' id='word_1_338' title='bbox 728 3541 811 3606; x_wconf 90' lang='lat' dir='ltr'><strong>enim</strong></span> <span class='ocrx_word' id='word_1_339' title='bbox 835 3566 899 3607; x_wconf 91' lang='lat' dir='ltr'><strong>non</strong></span> <span class='ocrx_word' id='word_1_340' title='bbox 922 3546 958 3610; x_wconf 86' lang='lat' dir='ltr'><strong>fit</strong></span> <span class='ocrx_word' id='word_1_341' title='bbox 982 3567 1112 3633; x_wconf 90' lang='lat' dir='ltr'><strong>semper.</strong></span> <span class='ocrx_word' id='word_1_342' title='bbox 1159 3544 1223 3608; x_wconf 88' lang='lat' dir='ltr'><strong>Sed</strong></span> <span class='ocrx_word' id='word_1_343' title='bbox 1245 3556 1378 3609; x_wconf 86' lang='lat' dir='ltr'><strong>nonest</strong></span> 
     </span>
     <span class='ocr_line' id='line_1_38' title="bbox 331 3626 1378 3718; baseline 0.009 -33"><span class='ocrx_word' id='word_1_344' title='bbox 331 3626 595 3710; x_wconf 83' lang='lat' dir='ltr'><strong>praetereundum</strong></span> <span class='ocrx_word' id='word_1_345' title='bbox 610 3627 697 3693; x_wconf 89' lang='lat' dir='ltr'><strong>aliud</strong></span> <span class='ocrx_word' id='word_1_346' title='bbox 709 3652 810 3716; x_wconf 88' lang='lat' dir='ltr'><strong>genus</strong></span> <span class='ocrx_word' id='word_1_347' title='bbox 825 3631 1104 3718; x_wconf 80' lang='lat' dir='ltr'><strong>comparationum,</strong></span> <span class='ocrx_word' id='word_1_348' title='bbox 1120 3630 1208 3717; x_wconf 90' lang='lat' dir='ltr'><strong>quod</strong></span> <span class='ocrx_word' id='word_1_349' title='bbox 1225 3631 1285 3696; x_wconf 90' lang='lat' dir='ltr'><strong>etsi</strong></span> <span class='ocrx_word' id='word_1_350' title='bbox 1299 3653 1378 3696; x_wconf 88' lang='lat' dir='ltr'><strong>com-</strong></span> 
     </span>
     <span class='ocr_line' id='line_1_39' title="bbox 301 3710 1378 3804; baseline 0.011 -35"><span class='ocrx_word' id='word_1_351' title='bbox 301 3742 312 3767; x_wconf 51' lang='lat' dir='ltr'><strong>t</strong></span> <span class='ocrx_word' id='word_1_352' title='bbox 331 3710 587 3776; x_wconf 85' lang='lat' dir='ltr'><strong>memorationem</strong></span> <span class='ocrx_word' id='word_1_353' title='bbox 605 3714 743 3780; x_wconf 88' lang='lat' dir='ltr'><strong>continet</strong></span> <span class='ocrx_word' id='word_1_354' title='bbox 757 3716 801 3779; x_wconf 90' lang='lat' dir='ltr'><strong>rei</strong></span> <span class='ocrx_word' id='word_1_355' title='bbox 817 3717 1015 3800; x_wconf 87' lang='lat' dir='ltr'><strong>transeuntis,</strong></span> <span class='ocrx_word' id='word_1_356' title='bbox 1032 3731 1137 3782; x_wconf 83' lang='lat' dir='ltr'><strong>tamen</strong></span> <span class='ocrx_word' id='word_1_357' title='bbox 1154 3717 1228 3804; x_wconf 91' lang='lat' dir='ltr'><strong>jure</strong></span> <span class='ocrx_word' id='word_1_358' title='bbox 1250 3718 1293 3783; x_wconf 82' lang='lat' dir='ltr'><strong>ad</strong></span> <span class='ocrx_word' id='word_1_359' title='bbox 1314 3717 1378 3782; x_wconf 83' lang='lat' dir='ltr'><strong>ilias</strong></span> 
     </span>
     <span class='ocr_line' id='line_1_40' title="bbox 330 3795 1377 3948; baseline 0.01 -90"><span class='ocrx_word' id='word_1_360' title='bbox 330 3795 608 3948; x_wconf 55' lang='lat' dir='ltr'><strong>retertur,(puibus</strong></span> <span class='ocrx_word' id='word_1_361' title='bbox 622 3824 808 3887; x_wconf 79' lang='lat' dir='ltr'><strong>permanens</strong></span> <span class='ocrx_word' id='word_1_362' title='bbox 822 3814 921 3868; x_wconf 86' lang='lat' dir='ltr'><strong>status</strong></span> <span class='ocrx_word' id='word_1_363' title='bbox 940 3803 1135 3868; x_wconf 86' lang='lat' dir='ltr'><strong>describitur.</strong></span> <span class='ocrx_word' id='word_1_364' title='bbox 1180 3805 1279 3868; x_wconf 87' lang='lat' dir='ltr'><strong>Nam.</strong></span> <span class='ocrx_word' id='word_1_365' title='bbox 1304 3825 1377 3868; x_wconf 90' lang='lat' dir='ltr'><strong>uum</strong></span> 
     </span>
     <span class='ocr_line' id='line_1_41' title="bbox 331 3888 1374 3972; baseline 0.013 -27"><span class='ocrx_word' id='word_1_366' title='bbox 331 3904 402 3967; x_wconf 70' lang='lat' dir='ltr'><strong>quas</strong></span> <span class='ocrx_word' id='word_1_367' title='bbox 427 3906 482 3970; x_wconf 87' lang='lat' dir='ltr'><strong>qur</strong></span> <span class='ocrx_word' id='word_1_368' title='bbox 527 3898 631 3972; x_wconf 88' lang='lat' dir='ltr'><strong>potest</strong></span> <span class='ocrx_word' id='word_1_369' title='bbox 653 3888 766 3967; x_wconf 87' lang='lat' dir='ltr'><strong>faeere,</strong></span> <span class='ocrx_word' id='word_1_370' title='bbox 788 3889 822 3953; x_wconf 92' lang='lat' dir='ltr'><strong>id</strong></span> <span class='ocrx_word' id='word_1_371' title='bbox 846 3891 871 3955; x_wconf 91' lang='lat' dir='ltr'><strong>si</strong></span> <span class='ocrx_word' id='word_1_372' title='bbox 892 3890 977 3970; x_wconf 86' lang='lat' dir='ltr'><strong>feeit,</strong></span> <span class='ocrx_word' id='word_1_373' title='bbox 993 3891 1112 3955; x_wconf 85' lang='lat' dir='ltr'><strong>factum</strong></span> <span class='ocrx_word' id='word_1_374' title='bbox 1135 3903 1182 3954; x_wconf 88' lang='lat' dir='ltr'><strong>est</strong></span> <span class='ocrx_word' id='word_1_375' title='bbox 1220 3889 1226 3902; x_wconf 87' lang='lat'>&#39;</span> <span class='ocrx_word' id='word_1_376' title='bbox 1342 3913 1374 3963; x_wconf 87' lang='lat' dir='ltr'><strong>e;</strong></span> 
     </span>
     <span class='ocr_line' id='line_1_42' title="bbox 331 3974 1374 4064; baseline 0.007 -31"><span class='ocrx_word' id='word_1_377' title='bbox 331 3991 431 4055; x_wconf 90' lang='lat' dir='ltr'><strong>quum</strong></span> <span class='ocrx_word' id='word_1_378' title='bbox 446 3984 552 4037; x_wconf 85' lang='lat' dir='ltr'><strong>autem</strong></span> <span class='ocrx_word' id='word_1_379' title='bbox 567 3995 630 4038; x_wconf 91' lang='lat' dir='ltr'><strong>non</strong></span> <span class='ocrx_word' id='word_1_380' title='bbox 644 3987 759 4061; x_wconf 89' lang='lat' dir='ltr'><strong>potest,</strong></span> <span class='ocrx_word' id='word_1_381' title='bbox 775 3974 801 4040; x_wconf 89' lang='lat' dir='ltr'><strong>is</strong></span> <span class='ocrx_word' id='word_1_382' title='bbox 819 3990 995 4064; x_wconf 86' lang='lat' dir='ltr'><strong>perpetuus</strong></span> <span class='ocrx_word' id='word_1_383' title='bbox 1009 3991 1057 4042; x_wconf 90' lang='lat' dir='ltr'><strong>est</strong></span> <span class='ocrx_word' id='word_1_384' title='bbox 1071 3990 1103 4042; x_wconf 92' lang='lat' dir='ltr'><strong>et</strong></span> <span class='ocrx_word' id='word_1_385' title='bbox 1117 3978 1303 4064; x_wconf 77' lang='lat' dir='ltr'><strong>permanens</strong></span> <span class='ocrx_word' id='word_1_386' title='bbox 1320 3991 1374 4040; x_wconf 77' lang='lat' dir='ltr'><strong>sta</strong></span> 
     </span>
     <span class='ocr_line' id='line_1_43' title="bbox 332 4057 1370 4148; baseline 0.009 -30"><span class='ocrx_word' id='word_1_387' title='bbox 332 4068 400 4120; x_wconf 88' lang='lat' dir='ltr'><strong>tus:</strong></span> <span class='ocrx_word' id='word_1_388' title='bbox 425 4057 615 4146; x_wconf 88' lang='lat' dir='ltr'><strong>omninoque</strong></span> <span class='ocrx_word' id='word_1_389' title='bbox 637 4062 800 4148; x_wconf 84' lang='lat' dir='ltr'><strong>negativae</strong></span> <span class='ocrx_word' id='word_1_390' title='bbox 822 4063 991 4129; x_wconf 89' lang='lat' dir='ltr'><strong>sententiae</strong></span> <span class='ocrx_word' id='word_1_391' title='bbox 1006 4087 1069 4129; x_wconf 91' lang='lat' dir='ltr'><strong>non</strong></span> <span class='ocrx_word' id='word_1_392' title='bbox 1085 4063 1140 4127; x_wconf 92' lang='lat' dir='ltr'><strong>ubi</strong></span> <span class='ocrx_word' id='word_1_393' title='bbox 1163 4087 1203 4127; x_wconf 89' lang='lat' dir='ltr'><strong>ue</strong></span> <span class='ocrx_word' id='word_1_394' title='bbox 1226 4062 1370 4138; x_wconf 78' lang='lat' dir='ltr'><strong>eamden,</strong></span> 
     </span>
     <span class='ocr_line' id='line_1_44' title="bbox 331 4087 1367 4226; baseline 0.004 -21"><span class='ocrx_word' id='word_1_395' title='bbox 331 4164 426 4226; x_wconf 88' lang='lat' dir='ltr'><strong>quam</strong></span> <span class='ocrx_word' id='word_1_396' title='bbox 451 4144 663 4225; x_wconf 79' lang='lat' dir='ltr'><strong>affirmativae,</strong></span> <span class='ocrx_word' id='word_1_397' title='bbox 686 4147 837 4213; x_wconf 89' lang='lat' dir='ltr'><strong>rationem</strong></span> <span class='ocrx_word' id='word_1_398' title='bbox 859 4151 984 4216; x_wconf 86' lang='lat' dir='ltr'><strong>habent.</strong></span> <span class='ocrx_word' id='word_1_399' title='bbox 1032 4152 1085 4214; x_wconf 87' lang='lat' dir='ltr'><strong>Ita</strong></span> <span class='ocrx_word' id='word_1_400' title='bbox 1103 4087 1207 4215; x_wconf 78' lang='lat' dir='ltr'><strong>inqhis</strong></span> <span class='ocrx_word' id='word_1_401' title='bbox 1225 4150 1314 4215; x_wconf 91' lang='lat' dir='ltr'><strong>loeis:</strong></span> <span class='ocrx_word' id='word_1_402' title='bbox 1336 4149 1367 4210; x_wconf 85' lang='grc' dir='ltr'><strong>Σ.</strong></span> 
     </span>
     <span class='ocr_line' id='line_1_45' title="bbox 333 4226 1370 4321; baseline 0.008 -30"><span class='ocrx_word' id='word_1_403' title='bbox 333 4226 403 4292; x_wconf 89' lang='grc'><strong>161.</strong></span> <span class='ocrx_word' id='word_1_404' title='bbox 420 4232 454 4302; x_wconf 78' lang='grc' dir='ltr'><strong>υὺς</strong></span> <span class='ocrx_word' id='word_1_405' title='bbox 470 4233 490 4293; x_wconf 88' lang='grc' dir='ltr'>δ’</span> <span class='ocrx_word' id='word_1_406' title='bbox 504 4235 557 4298; x_wconf 76' lang='grc' dir='ltr'>ἀπό</span> <span class='ocrx_word' id='word_1_407' title='bbox 573 4233 704 4316; x_wconf 75' lang='grc' dir='ltr'>σώματος</span> <span class='ocrx_word' id='word_1_408' title='bbox 717 4233 773 4299; x_wconf 84' lang='grc' dir='ltr'>οότι</span> <span class='ocrx_word' id='word_1_409' title='bbox 786 4236 873 4300; x_wconf 87' lang='grc' dir='ltr'>λέοντ’</span> <span class='ocrx_word' id='word_1_410' title='bbox 885 4236 985 4302; x_wconf 75' lang='grc' dir='ltr'>αἴθωνα</span> <span class='ocrx_word' id='word_1_411' title='bbox 1000 4236 1125 4302; x_wconf 85' lang='grc' dir='ltr'>δυ’νανται</span> <span class='ocrx_word' id='word_1_412' title='bbox 1140 4236 1263 4320; x_wconf 86' lang='grc' dir='ltr'>ποιμένες</span> <span class='ocrx_word' id='word_1_413' title='bbox 1273 4235 1370 4321; x_wconf 76' lang='grc' dir='ltr'>ἄγραυ-</span> 
     </span>
    </p>
   </div>
   <div class='ocr_carea' id='block_1_5' title="bbox 0 0 1523 5052">
    <p class='ocr_par' dir='ltr' id='par_1_5' title="bbox 0 0 1523 5052">
     <span class='ocr_line' id='line_1_46' title="bbox 0 0 1523 5052; baseline 0 0"><span class='ocrx_word' id='word_1_414' title='bbox 0 0 1523 5052; x_wconf 95' lang='lat' dir='ltr'><strong> </strong></span> 
     </span>
    </p>
   </div>
  </div>
 </body>
</html>
