3026 5056
343 387 585 455 Anrmnn.
609 395 650 460 u.
673 388 798 478 eoasq.
816 391 962 478 eoiqq.
1129 391 1172 460 aa

127 557 306 623 narratione
330 561 450 626 variata
474 559 607 626 consiliis
632 560 696 626 suis
718 560 811 627 variis
833 585 870 628 ac
892 559 1023 628 diversis
1045 559 1173 626 inservi-

127 656 233 724 erunt,
248 644 327 712 nihil
341 647 528 712 constituere
542 646 621 712 lieet.

171 731 309 807 Quando
323 731 430 820 igitur,
446 745 488 812 et,
504 755 581 796 num
602 756 685 798 nono
704 733 832 798 demum
849 755 942 813 anno,
958 733 1061 799 chasia
1074 733 1174 799 Achi-

127 837 242 880 vorum
263 817 386 883 adhoc
407 819 507 897 littus,
527 819 560 882 in
607 842 650 884 uo
672 822 833 885 Homerus
854 843 903 884 res
924 819 1096 899 constituit,
1118 843 1174 908 ap-

128 900 256 988 pulerit,
269 917 301 968 et
314 903 347 968 in
361 904 450 969 littus
464 927 559 970 naves
570 929 606 969 su
652 919 742 970 uotae
753 906 880 986 fuerint,
893 929 974 994 quae
987 906 1090 971 forma
1103 905 1173 986 loci,
1235 979 1236 989 χ
1288 913 1293 925 ’

128 1001 285 1074 quantum
307 991 444 1078 spatium
464 991 571 1071 fuerit,
592 991 680 1079 quod
699 1005 732 1056 et
750 1015 844 1056 naves
863 1004 895 1056 et
915 993 1022 1080 copiae
1043 1016 1175 1081 occupa·

129 1086 211 1153 rent,
226 1089 321 1172 poeta
340 1099 497 1165 nusquam
520 1077 593 1142 satis
614 1077 728 1142 diserte
749 1078 906 1166 apposuit,
921 1076 1117 1166 liberumque
1131 1079 1176 1143 ita

129 1159 267 1247 reliquit,
284 1185 323 1226 ex
337 1162 428 1227 dictis
443 1161 598 1250 colligere,
614 1177 768 1251 quantum
783 1165 917 1252 quisque
931 1163 1011 1229 illud
1031 1188 1096 1229 esse
1139 1188 1175 1229 u-

129 1258 196 1309 tare
210 1246 312 1312 vellet
359 1249 538 1314 Subductas
559 1250 593 1313 in
614 1263 729 1314 terram
750 1263 857 1316 narrat
877 1274 982 1330 natea,
1001 1264 1033 1315 et
1046 1251 1103 1337 qui
1126 1274 1175 1315 em

129 1331 204 1402 satis
223 1331 295 1412 alte,
316 1346 354 1397 ut
370 1334 477 1421 plures
498 1349 600 1400 essent
621 1359 730 1400 earum
750 1335 895 1412 ordines;
919 1350 1015 1425 atque
1028 1336 1061 1400 in
1076 1360 1113 1401 eo
1127 1361 1177 1401 ac

132 1417 289 1504 quiescere
311 1420 407 1485 satius
421 1433 476 1486 est.
523 1425 606 1488 Sunt
627 1435 732 1488 tamen
752 1422 817 1487 duo
835 1423 913 1501 loca,
930 1426 966 1490 Ξ.
983 1422 1120 1488 30-36.
1143 1436 1176 1488 et

130 1509 168 1567 Ο.
185 1503 259 1570 653.
276 1508 305 1569 4.
329 1506 477 1593 equibus
497 1508 656 1589 statuitur,
673 1521 737 1572 tam
757 1508 819 1573 alte
837 1508 871 1572 in
891 1520 1005 1572 terram
1023 1532 1089 1572 esse
1104 1510 1178 1592 sub-

122 1590 242 1656 'ductas
266 1615 372 1672 naves,
416 1593 469 1658 uia
489 1592 602 1659 littoris
623 1594 769 1682 angustia
790 1596 869 1659 inter
893 1597 952 1658 duo
972 1597 1176 1677 promontorio

130 1669 252 1742 v'etaret
265 1678 390 1744 ordines
434 1693 466 1744 te
480 1680 643 1769 explicere.
668 1680 729 1745 Ille
743 1693 847 1746 tamen
861 1681 940 1760 loce,
952 1680 1042 1745 valde
1056 1703 1175 1762 vereor,

130 1786 171 1828 ne
183 1787 205 1828 a
215 1764 378 1852 rhapsodis
392 1765 559 1832 serioribus
573 1767 688 1832 inserta
702 1767 773 1848 sint,
785 1780 817 1831 et
826 1768 915 1854 justa
923 1767 1178 1854 interpretatione

130 1873 170 1914 ne
183 1849 245 1914 ista
256 1850 394 1950 quidem,
407 1877 489 1941 quae
504 1854 646 1942 apposui,
658 1853 731 1919 inde
745 1853 903 1928 conficiam
921 1854 975 1918 sed
990 1866 1036 1918 est
1049 1853 1177 1919 omnino

130 1936 300 2006 declaratio
316 1937 440 2019 littoris,
456 1939 546 2027 cujus
560 1964 605 2019 os,
620 1941 652 2004 h.
666 1965 691 2005 e.
708 1963 764 2004 ora
779 1939 888 2024 (στόμα
901 1943 1019 2026 μακρὸν,
1035 1939 1179 2038 simplici-

132 2037 190 2102 ter,
208 2024 315 2088 littoris
336 2031 424 2113 oro,)·
437 2025 520 2090 intra
541 2025 607 2090 duo
627 2026 841 2114 promontoria
860 2025 1037 2112 pertinebat
1052 2025 1116 2109 (luc
1131 2037 1178 2090 est

132 2132 240 2174 sensus
265 2111 434 2178 verborum
459 2111 520 2176 door
546 2111 725 2200 συνεέργαθον
750 2111 841 2200 cingar
861 2116 897 2181 Ξ.
928 2110 995 2198 36).
1041 2113 1179 2178 Potuere

131 2194 238 2284 itaque
253 2195 332 2262 aliae
346 2223 411 2264 esse
424 2220 560 2278 caussae,
576 2222 657 2285 quae
667 2199 817 2286 juberent
830 2221 925 2262 naves
939 2196 1115 2286 perplures
1129 2221 1179 2262 or-

132 2282 220 2347 dines
242 2283 417 2372 disponere,
436 2284 481 2349 ita
503 2297 540 2348 ut
561 2288 703 2370 αἰγιαλὸς,
724 2284 798 2370 εὐρύς
816 2311 865 2384 περ
887 2283 945 2362 tois,
963 2296 1067 2347 tamen
1085 2307 1193 2372 naves,

131 2369 219 2434 haud
234 2384 358 2458 caperet
371 2394 437 2434 uno
452 2370 563 2435 ordine
575 2370 700 2458 positas.
739 2372 833 2436 Certe
847 2367 1045 2435 mtervallum
1059 2371 1100 2435 ab
1115 2393 1179 2435 uno

132 2479 231 2521 cornu
254 2469 426 2522 castrorum
447 2457 489 2521 ad
506 2456 640 2522 alterum
658 2479 722 2521 non
740 2455 831 2520 nimis
849 2478 1000 2543 magnum
1017 2454 1113 2520 fuisse
1130 2479 1180 2521 ar-

132 2556 238 2630 guunt
264 2542 424 2623 nonnulla,
448 2567 530 2630 quae
555 2543 711 2695 sigllatim
734 2555 965 2617 memorantur3
989 2566 1019 2607 v.
1039 2565 1066 2606 c.
1091 2543 1180 2630 quod

620 2642 644 2710 ἴ,

134 2629 287 2709 Achilles,
303 2629 359 2718 qui
378 2630 490 2694 dextra
509 2643 579 2694 tene

134 2715 174 2780 ad
189 2716 362 2780 sinistram:
380 2722 421 2779 Π.
438 2719 490 2785 77.
517 2718 712 2781 Rectanean
727 2714 932 2781 curuusuerit
953 2739 1008 2780 ora
1028 2715 1133 2796 maris,
1149 2731 1181 2783 et

134 2825 230 2890 quam
255 2801 350 2889 longo
375 2802 416 2868 ab
437 2825 475 2866 ea
496 2802 596 2889 spatio
616 2802 753 2867 abfuerit
773 2800 891 2865 vallum
910 2801 1018 2866 castris
1037 2815 1180 2888 praeten-

63 2959 67 2968 ,
135 2901 214 2970 tum,
230 2911 324 2953 nemo
338 2888 470 2963 dixerit3
494 2911 567 2952 nam
586 2887 706 2952 serioris
720 2887 887 2952 commenti
901 2910 950 2950 res
964 2899 1021 2966 est,
1037 2887 1125 2972 quod
1138 2887 1181 2951 ad

134 2977 172 3039 V.
188 2975 291 3040 stadia
300 2974 418 3041 vallum
432 2999 452 3040 a
465 2973 544 3042 mari
558 2974 694 3042 abfuisse
709 2971 880 3040 tradiderat
894 2971 1111 3039 Aristarchus:
1128 2995 1178 3059 ap.

134 3061 284 3127 Eustath.
300 3062 341 3126 ad
355 3068 394 3128 Ψ.
408 3065 481 3128 358.
585 3089 593 3095 ·
791 3103 793 3106 -

178 3151 269 3228 Quae
293 3148 454 3236 copiarum
478 3149 512 3213 in
537 3149 612 3248 ipsis
636 3148 743 3214 castris
768 3147 929 3235 dispositio
953 3171 989 3212 ac
1015 3145 1181 3246 descriptio

135 3236 243 3315 fuerit,
266 3233 396 3300 definire
420 3258 485 3300 non
509 3235 637 3300 mmoris
662 3234 852 3300 difficultatis
881 3247 939 3314 est,
965 3255 1067 3321 neque
1089 3233 1182 3298 video

135 3321 614 3474 wamma
635 3335 742 3472 {ulid
756 3318 1182 3472 ,immittitis
1255 3413 1259 3421 ³

136 3457 235 3559 nibus·
245 3505 373 3575 starent,
391 3431 641 3581 (xpo'xpoooaffi
654 3494 772 3582 gradus
785 3493 818 3556 in
834 3491 915 3558 scala
937 3429 976 3557 IPl.
993 3497 1029 3560 Ξ.
1046 3493 1114 3578 35.)
1132 3516 1183 3558 co·

135 3580 206 3668 piae
221 3581 264 3646 ad
284 3604 355 3646 suas
369 3604 513 3681 quaeqqe
534 3604 628 3646 naves
649 3579 718 3646 loca
738 3580 864 3645 sortitae
885 3602 950 3644 esse
963 3577 1122 3658 videntur,
1137 3578 1183 3643 vi-

660 2629 750 2694 audit
769 2629 941 2694 Hectorem
958 2628 1180 2694 vociferantem
1253 2663 1255 2667 ⁴

136 3667 207 3733 cina
227 3667 322 3732 matis
343 3667 432 3747 ahae,
454 3667 570 3738 alinea
590 3666 669 3732 mari
689 3666 864 3732 remotiora.
910 3663 1025 3730 Multis
1046 3664 1182 3745 tentatis,
1281 3689 1286 3696 ·

136 3777 217 3842 quas
232 3753 336 3852 copias
349 3755 383 3818 in
397 3753 510 3842 primo,
525 3753 623 3818 altero
644 3777 680 3818 ac
702 3753 794 3818 tertio
814 3751 924 3817 ordine
944 3751 1088 3830 locarem,
1109 3774 1183 3816 nus-

137 3864 235 3928 quam
257 3840 322 3905 vrdi
342 3864 408 3906 esse
429 3840 567 3906 fundum
589 3839 662 3904 satis
682 3841 809 3904 firmum
827 3839 870 3903 ad
890 3837 1010 3926 aliquid
1025 3860 1085 3924 pro
1099 3849 1184 3901 certo

138 3926 353 4008 statuendum,
380 3927 444 3992 sive
469 3927 511 3991 ad
541 3926 716 3992 discursum
741 3924 987 4014 Agamemnonis
1011 3946 1069 4010 per
1096 3921 1182 3986 ordi-

138 4035 193 4078 nes
216 4013 257 4079 Il.
273 4020 310 4077 Δ.
334 4014 398 4078 sive
419 4013 585 4101 adipsum
607 4012 734 4077 navium
755 4034 916 4078 recensum
938 4009 978 4074 Il.
995 4015 1029 4073 B.
1050 4007 1117 4072 loca
1137 4031 1185 4072 as-

139 4099 263 4188 signare
283 4098 405 4180 vellem,
427 4099 473 4166 ita
494 4112 530 4165 ut
551 4100 584 4179 ii,
606 4099 662 4187 qui
684 4099 776 4186 primi
798 4098 832 4162 in
854 4121 891 4164 eo
914 4093 1075 4160 memorati
1098 4107 1182 4172 sunt,

139 4186 233 4273 primi
247 4209 375 4284 quoque
392 4185 572 4274 appulerint
586 4197 618 4251 et
631 4185 748 4273 primos
767 4185 840 4250 inde
854 4209 873 4248 a
886 4182 975 4247 laeva
994 4178 1118 4243 ordines
1140 4192 1185 4243 te-

143 4272 287 4348 nuerint;
311 4296 375 4338 sive
389 4272 457 4338 loca
471 4273 503 4338 in
517 4273 599 4338 vello
614 4272 733 4337 tuendo
751 4271 905 4358 assignata
923 4289 981 4354 pro
1000 4286 1110 4329 norma
1128 4266 1184 4330 ha-

143 4357 208 4424 beri
229 4383 319 4446 posse
341 4372 508 4426 statuerem
526 4360 626 4446 (quod
647 4357 735 4446 sequi
748 4356 840 4426 video
855 4352 1008 4422 Lennium
1027 4374 1058 4439 p.
1077 4353 1185 4424 190-
