3026 5056
296 384 318 446 s
653 347 917 448 'sxcuusus
948 383 976 446 1.

297 579 303 588 ·
339 554 428 642 Nihil
452 557 486 620 in
510 552 560 622 his
583 553 716 622 deorum
741 555 876 622 consiliis
893 553 977 622 ¹actis
1001 555 1043 620 ac'
1060 553 1158 642 gestis
1178 553 1220 620 ad
1242 551 1344 620 ethica

295 655 460 730 praecepta
474 667 539 708 esse
552 643 763 720 referendum,
778 665 835 730 per
849 656 953 707 totum
966 663 1091 708 carmen
1105 654 1253 730 apparet;
1278 641 1344 704 Ta-
1412 717 1414 720 Ι

294 731 354 794 cite
376 729 464 816 quasi
486 743 676 795 conventum
698 751 764 793 esse
784 727 901 794 dixeris
919 729 952 794 in
974 729 1045 808 hoc,
1060 729 1183 817 poetica
1196 729 1272 796 haec
1286 749 1346 791 nu·

294 815 379 882 mina
393 815 554 904 cum'ipsis
567 815 771 904 religionibus
789 816 879 896 nihil,
893 828 1018 904 praeter
1037 837 1163 894 nomen,
1178 836 1343 880 commune

295 901 421 981 habere,
451 927 550 991 eaque
586 926 681 969 suum
710 902 862 984 ordinem,
893 917 986 967 suum
1014 925 1115 990 genus
1144 901 1343 979 constituere,

293 987 517 1054 adumbratum
538 991 579 1056 ab
600 988 815 1077 antiquiorum
829 989 994 1054 hominum
1009 988 1149 1054 sensibus
1163 985 1344 1052 rudioribus

293 1086 326 1138 et
344 1075 546 1142 humanitatis
562 1077 657 1154 ,cultu
676 1099 791 1163 parum
810 1076 982 1140 emendatis
1004 1088 1036 1140 et
1057 1074 1210 1163 expolitis.
1241 1073 1344 1138 *Hinc

294 1173 359 1224 tam
381 1161 508 1227 diversa
523 1163 564 1229 de
585 1162 645 1227 diis
689 1162 898 1242 raedicantur,
913 1161 975 1226 alia
995 1160 1125 1249 indigna
1144 1174 1177 1226 et
1195 1160 1342 1238 nefanda,

292 1247 354 1311 alia
378 1249 547 1347 praeclara,
569 1185 729 1314 interdirm
755 1248 908 1314 sublimia.
954 1248 1102 1312 Minerva
1127 1271 1218 1334 saepe
1242 1247 1343 1310 omnis

287 1333 430 1420 justitiae
448 1348 480 1402 et
498 1336 669 1402 honestatis
687 1334 821 1400 violatae
837 1359 892 1400 rea
905 1347 963 1414 est,
979 1335 1062 1398 utin
1076 1334 1188 1400 fraude
1211 1332 1343 1398 Hectori

291 1420 376 1486 facta
399 1445 564 1510 congresso
589 1446 662 1487 cum
687 1421 823 1486 Achille.
878 1423 952 1486 Hoc
976 1421 1057 1485 illud
1082 1433 1139 1499 est,
1165 1419 1254 1507 quod
1278 1431 1345 1484 tam

218 1579 220 1583 ,
282 1505 373 1572 'male
387 1508 501 1574 habuit
514 1509 655 1574 homines
669 1508 710 1572 de
724 1508 857 1573 deorum
871 1521 985 1572 natura
998 1508 1128 1572 meliora
1145 1506 1341 1586 meditantes,

291 1616 364 1658 cum
446 1595 506 1662 tica
527 1593 658 1660 numina
679 1593 721 1658 ad
742 1618 789 1673 ea,
805 1618 886 1682 quae
904 1594 1007 1682 poesis
1023 1593 1142 1680 efficere
1156 1593 1261 1673 debet,
1277 1609 1342 1658 tarn

290 1695 384 1766 praec
431 1706 448 1746 e
462 1681 704 1758 accommodata,
721 1703 794 1744 cum
808 1680 959 1768 religiosis
977 1681 1158 1746 notionibus
1171 1679 1343 1744 confunde-

290 1781 379 1867 rent3
402 1769 539 1856 hincque
560 1779 652 1832 natae
674 1779 748 1854 sunt
769 1766 866 1832 mirae
887 1766 958 1832 illae
979 1766 1249 1854 interpretationes
1270 1765 1343 1832 alle·

290 1909 291 1914 ,
334 1877 424 1920 neae.
624 1877 631 1888 ·
1201 1888 1204 1896 ·

287 1877 377 2004 -goln
397 1942 457 2008 hoc
479 1956 584 2008 tamen
604 1943 674 2031 ipso
696 1941 742 2007 sin
788 1943 886 2007 larem
904 1942 1042 2030 aliquam
1057 1953 1167 2030 poetae
1181 1941 1342 2018 fortunam

290 2027 424 2113 positam
438 2055 504 2096 esse
518 2042 660 2118 apparet,
675 2053 719 2128 qu
776 2029 829 2093 ille
847 2030 986 2118 mythico
1004 2030 1064 2094 hoc
1082 2041 1196 2093 ornatu
1216 2029 1264 2093 uti
1285 2053 1342 2116 po-

290 2112 353 2177 tuit
373 2138 412 2180 ea
432 2130 544 2196 aetate,
560 2140 625 2204 qua
645 2116 742 2180 ammi
763 2116 847 2181 hisce
869 2117 986 2204 mythis
1007 2115 1120 2180 imbuti
1139 2138 1203 2180 non
1222 2115 1264 2180 ad
1285 2117 1343 2202 fig.

287 2213 397 2266 emerita
410 2204 532 2290 poetica
544 2204 622 2268 haec
636 2203 800 2282 referrent,
816 2203 881 2281 sed,
897 2227 970 2268 cum
985 2227 1022 2267 ea
1035 2201 1219 2290 vulgaribus
1236 2221 1342 2290 popu-

218 2297 220 2302 ’
288 2285 403 2352 larium
417 2290 617 2378 opinionibus
630 2303 837 2357 consentanea
855 2303 967 2369 essent,
983 2289 1022 2354 iis
1035 2313 1224 2377 magnopere
1238 2297 1343 2354 move·

285 2385 401 2439 rentur
414 2399 450 2440 ao
465 2389 654 2442 tenerentur.
702 2376 803 2442 Nobis
824 2400 953 2464 quoque
972 2375 1059 2464 ipsis,
1074 2400 1114 2440 ex
1133 2377 1193 2442 hoc
1207 2375 1342 2464 antiqui-

286 2461 362 2526 tatis
383 2487 476 2528 sensu
498 2486 607 2530 sensus
627 2462 803 2528 animorum
824 2463 916 2528 valde
933 2463 1080 2527 ⁴diversus
1099 2475 1223 2527 creatur
1236 2464 1277 2528 ab
1292 2487 1340 2543 eo,

289 2571 355 2634 quo
377 2551 511 2615 contacti
525 2549 653 2628 sumus,
669 2549 695 2614 si
713 2549 747 2614 in
765 2549 898 2637 Virgilio
911 2561 968 2613 aut
982 2549 1015 2613 in
1034 2547 1146 2635 quovis
1166 2549 1342 2638 aliopoeta

287 2635 422 2721 repetita
435 2660 475 2700 ex
491 2639 634 2702 Homero
649 2635 698 2700 vel
712 2634 745 2699 in
785 2636 871 2701 niose
890 2636 1009 2700 variata
1028 2634 1105 2699 haec
1126 2636 1276 2724 figmenta
1297 2636 1341 2701 le-

286 2720 400 2807 gimus.
445 2723 541 2788 Adeo
562 2723 611 2801 iis,
637 2721 694 2809 qui
785 2725 964 2788 Homerum
984 2722 1154 2810 legendum
1176 2723 1339 2802 accedunt,

285 2829 404 2959 senqqs.
417 2809 531 2911 aliquis
552 2808 733 2884 induendus
755 2822 802 2874 est
824 2809 1011 2876 Homericae
1032 2808 1118 2898 poesi
1140 2809 1285 2898 proprius
1303 2833 1340 2876 ac

381 2920 464 2963 tans.
962 2927 967 2934 ·
1329 2925 1332 2932 ·

288 2917 410 3048 Pei'uit
431 2985 616 3052 Zenodotus
635 2985 857 3076 grammaticus
874 2986 1123 3065 Alexandrinus,
1138 2984 1280 3050 diversus
1298 2985 1345 3050 ab

287 3069 439 3156 Ephesio,
455 3073 512 3160 qui
526 3073 609 3138 inter
623 3074 769 3160 inspiarvit
782 3074 855 3152 fuit,
867 3075 960 3161 cujus
973 3085 1062 3138 erant
1075 3072 1148 3140 libri
1163 3078 1201 3136 X.
1216 3073 1276 3158 aspi
1291 3077 1340 3150 τῆς

284 3157 586 3243 Ὁμήροιικτυνηθείοις.Ι
620 3161 676 3224 Ex'
699 3159 822 3223 Scholio
842 3166 876 3223 Β.
893 3159 980 3246 quod
999 3184 1017 3223 e
1037 3158 1216 3248 Porphyrio
1238 3156 1340 3222 serva*-

285 3241 343 3322 vit,
358 3243 401 3308 ad
422 3245 459 3312 Σ.
475 3245 549 3311 3564
567 3246 638 3330 (ubi
660 3245 855 3322 Zenodorus
868 3245 1024 3324 scribitur,
1042 3257 1076 3309 at
1097 3245 1184 3333 apud
1208 3244 1339 3310 Suidam

283 3329 470 3397 ¹Zenodotus
492 3336 553 3419 est)
568 3333 656 3399 locus
669 3333 704 3397 in
716 3332 754 3396 iis
767 3332 856 3398 libris
870 3356 935 3398 esse
952 3331 1065 3397 debuit
1078 3331 1118 3396 de
1133 3330 1289 3420 episodiis,
1304 3331 1339 3396 in

281 3416 402 3502 quibus
428 3419 561 3484 deorum
589 3420 783 3485 interventus
811 3419 1030 3520 interponitur.
1086 3420 1245 3483 Statuerat
1273 3418 1337 3498 ille,

284 3503 553 3588 confabulationes
574 3506 706 3571 deorum
727 3530 791 3571 non
812 3507 937 3571 admrtti
1002 3529 1049 3571 sse
1068 3517 1158 3570 extra
1172 3527 1339 3593 argumen-

280 3600 364 3669 -tum,
382 3592 475 3675 (ἐκτὸς
489 3599 537 3670 τῆς
551 3593 714 3678 ὑποθέσεως)
730 3593 790 3657 nisi
811 3606 867 3658 aut
888 3594 930 3658 ad
974 3593 1129 3659 ocendum
1150 3592 1271 3681 aliquid
1287 3616 1340 3656 eo-

283 3697 366 3756 rum,
382 3702 465 3765 quae
486 3679 529 3744 ad
551 3679 685 3743 Iliadem
707 3690 858 3765 spectant,
877 3693 934 3745 ant
955 3681 997 3745 ad
1017 3680 1180 3745 historiam
1199 3679 1337 3767 aliquam

280 3763 446 3852 antiquam
461 3765 689 3854 exponendam,
701 3765 801 3830 veluti
814 3763 848 3828 in
862 3766 981 3831 Diones
996 3766 1038 3831 ad
1052 3768 1207 3832 Venerem
1221 3766 1337 3845 verbis,

283 3849 400 3935 quibus
414 3875 483 3916 eam
498 3866 603 3918 monet
626 3865 664 3917 ut
686 3851 797 3918 toleret
814 3875 895 3939 quae
906 3876 1000 3967 passa
1016 3852 1075 3927 sit;
1100 3853 1252 3919 tolerasse
1261 3853 1337 3918 deos

282 3936 393 4018 multa,
409 3938 556 4004 tolerasse
577 3941 736 4014 Martem3
763 3945 817 4017 τλῆ
838 3941 889 4023 μὲν
918 3944 1004 4023 Αρης,
1026 3951 1059 4003 et
1081 3950 1150 4002 tum
1171 3938 1336 4026 antiquam

281 4024 491 4091 narrationem
513 4027 629 4125 subjun
653 4027 685 4090 't
711 4025 766 4110 (Il.
784 4033 823 4090 E.
847 4027 909 4090 381
932 4028 994 4136 sq.)
1017 4036 1049 4089 et
1070 4047 1145 4089 cum
1166 4027 1190 4088 J
1192 4047 1257 4088 uno
1279 4025 1338 4090 Jo-

279 4131 351 4174 vem
365 4111 456 4177 dictis
470 4111 592 4176 lacessn
608 4051 779 4196 (ibiddssl)
795 4114 856 4200 sq.)
874 4119 929 4176 Zti·
942 4137 1042 4199 πατερ,
1058 4109 1074 4188 ἦ
1087 4110 1124 4210 poi
1138 4109 1168 4175 ri
1181 4137 1229 4192 μοι
1245 4136 1336 4197 κεχο-

277 4195 521 4264 λώσεαι-ἂσοεῐ
535 4198 628 4278 enim,
644 4199 774 4263 Veneris
789 4199 862 4264 dolo
880 4198 1037 4263 Helenam
1052 4197 1149 4263 fursse
1171 4198 1335 4284 deceptam

279 4283 327 4344 nal
350 4288 402 4360 τὰς
423 4284 518 4360 ἄλλοις
540 4286 568 4348 δὲ
591 4285 704 4368 ὁμιλίας
727 4293 785 4349 τῶν
804 4287 866 4350 θεῶν
889 4289 1088 4370 οὐκέἰκῆφησι
1104 4284 1351 4375 ποιςαιλοιμβαῖνεωΙ

276 4369 353 4434 σθαι.
398 4372 428 4435 Ε
445 4371 562 4458 quibus
583 4371 776 4458 argumentis
797 4371 841 4436 ibi
862 4371 1004 4460 disputat
1026 4386 1135 4438 contra
1156 4369 1332 4459 episodium
