2998 5052
317 371 382 438 aaa
536 369 789 436 excussos
813 368 862 433 11.
894 329 1063 434 suerro
1087 369 1145 432 1v.

316 546 391 610 tere.
438 543 575 609 Suborta
587 542 661 608 inde
675 555 722 608 est
735 541 845 629 religio
864 554 897 606 et
914 563 999 606 sacer
1020 540 1142 618 horror,
1156 539 1208 604 cui
1230 537 1359 603 similem

316 653 380 694 una
393 643 425 698 et
438 630 536 695 altera
550 643 650 695 aetate
664 642 736 694 ante
750 652 807 692 nos
826 642 930 714 patres
950 625 1049 692 nostri
1070 625 1219 691 viderunt
1238 625 1272 688 in
1293 624 1361 690 Cri-

316 715 378 780 tica
391 713 547 802 sacrarum
561 716 745 795 litterarum,
762 728 800 781 ut
813 738 905 788 nemo
919 714 1050 779 auderet
1063 736 1188 778 carmen
1202 711 1298 777 animi
1313 711 1359 776 sui

310 799 437 891 judicio¹
458 803 628 892 subjicere3
653 801 700 867 sin
721 825 856 867 naevum
875 800 1010 888 aliquem
1032 799 1277 878 offenderetut
1298 821 1359 862 non

315 889 356 955 de
378 913 487 969 naevo,
503 890 558 955 sed
578 888 683 954 statim
705 889 745 954 de
766 886 897 967 medela,
913 886 1076 952 saltem'de
1090 886 1290 951 excusatione
1308 884 1361 948 ali-

315 1000 381 1064 qua
394 976 444 1041 vel
458 976 637 1042 defensioue
650 974 795 1041 alicunde
809 974 955 1062 petenda,
969 973 1128 1061 cogitaret.
1169 972 1240 1037 Nisi
1255 987 1358 1036 tamen

305 1062 407 1135 ,nobis
418 1064 478 1151 ipsi
491 1063 534 1129 im
577 1087 649 1128 nere
663 1061 820 1141 volumus,
834 1061 1000 1126 fatendum
1013 1073 1070 1139 est,
1083 1059 1171 1146 quod
1184 1083 1242 1146 per
1256 1070 1358 1122 totum

315 1149 483 1214 decursum
509 1152 537 1215 Ο
561 1149 772 1216 servationum
792 1148 825 1213 in
851 1147 981 1236 singulis
1001 1145 1237 1226 monitum-est,
1260 1144 1359 1209 multa

315 1235 430 1302 inserta
444 1261 521 1315 esse,
535 1261 616 1325 quae
630 1239 703 1302 eum
723 1257 853 1304 summa,
865 1233 1009 1299 carminis
1030 1256 1094 1297 non
1115 1231 1299 1311 necessario,
1314 1231 1359 1294 in-

316 1322 440 1387 terdurn
461 1347 517 1390 nec
538 1323 700 1388 commode
714 1322 788 1388 satis
801 1321 967 1408 conjuncta
981 1331 1066 1400 sunt,
1081 1318 1140 1385 alia
1178 1342 1237 1384 uae
1251 1339 1359 1384 curam

315 1431 351 1474 ac
366 1409 506 1476 studium
520 1411 660 1498 produnt
674 1408 825 1497 ingeniosi
838 1406 982 1486 hominis,
998 1406 1053 1496 qui
1069 1343 1203 1472 subidde
1217 1405 1357 1484 uncinos,

315 1495 432 1584 quibus
446 1497 568 1562 diversa
584 1498 734 1585 jungeret
748 1508 780 1560 et
794 1493 1028 1582 constringeret,
1043 1493 1188 1558 hamulus
1201 1505 1234 1556 et
1247 1492 1360 1558 fibulas

316 1582 506 1660 admoveret,
531 1583 690 1648 interdum
716 1596 747 1647 et
772 1580 893 1669 lapillos
912 1580 1116 1668 intergerinos
1136 1579 1358 1666 interponeret,

315 1692 354 1733 ne
374 1668 471 1741 moles
490 1670 600 1736 hiaret.
645 1667 872 1734 commissuras
892 1666 950 1731 has
968 1667 1048 1732 bene
1065 1667 1133 1754 jam
1154 1665 1315 1753 perspexit
1328 1677 1358 1730 et

315 1755 357 1820 ad
381 1756 503 1820 serioris
527 1771 638 1844 poetae
665 1755 827 1844 ingenium
851 1753 1046 1818 referendam
1070 1775 1135 1816 esse
1163 1775 1357 1840 compagem,

314 1842 436 1908 censuit
448 1844 656 1931 perspicaciss.
672 1841 775 1907 Wolf.
789 1841 823 1904 in
838 1838 1016 1928 Prolegom.
1032 1864 1066 1928 p.
1083 1840 1228 1904 CXXX
1242 1863 1288 1926 sq.

359 1930 401 1992 In
415 1928 464 1994 bis
478 1930 677 1998 manifestum
692 1944 749 2008 est,
764 1941 837 2016 post
852 1926 1053 1992 Aristotelem
1068 1925 1185 1990 multos
1205 1940 1237 1991 et
1258 1925 1359 1992 multo

316 2013 416 2102 magis
429 2017 614 2082 recentiores
628 2016 660 2084 in
675 2015 743 2104 ejus
754 2013 891 2102 vestigiis
906 2037 969 2079 non
984 2013 1157 2080 substitisse
1168 2011 1288 2100 quippe
1303 2012 1357 2112 qui

315 2101 497 2189 epopoeiam
511 2127 583 2168 cum
599 2102 759 2191 tragoedia
772 2124 954 2189 comparans
965 2125 993 2166 c.
1004 2103 1056 2166 23.
1068 2100 1111 2165 de'
1123 2099 1253 2165 Poetica
1265 2113 1360 2164 acuo-

316 2210 387 2252 nem
410 2211 516 2272 unam,
536 2201 633 2254 totam
654 2213 690 2254 ac
711 2189 881 2276 perfectam
902 2186 1073 2268 constituit,
1096 2208 1228 2274 eamque
1251 2187 1360 2252 εὐσύνο-

315 2299 394 2354 πτον,
409 2275 555 2363 episodiis
575 2276 769 2342 distinctam:
793 2289 827 2340 at
847 2298 1004 2362 nusquam
1019 2284 1164 2339 tam'arte
1178 2273 1359 2360 conjunctas

315 2360 360 2424 ait
377 2385 442 2426 esse
460 2378 565 2461 partes
580 2362 689 2428 Iliadis
703 2361 753 2426 vel
769 2362 938 2450 Odysseae,
955 2374 992 2426 ut
1013 2359 1091 2424 'nihil
1112 2359 1220 2448 possit'
1231 2360 1356 2435 abesse3

300 2460 495 2514 necassent
512 2450 572 2514 hoc
591 2449 757 2538 Longinus
778 2461 834 2514 aut
857 2448 1019 2514 Horatius.
1066 2447 1160 2528 Quod
1174 2446 1360 2512 Aristoteles

316 2533 462 2622 pervidit,
477 2550 508 2602 et
529 2537 705 2608 acutissime
723 2537 816 2616 uidit,
835 2548 880 2600 est
901 2535 1066 2600 discrimen
1089 2534 1170 2598 inter
1193 2533 1359 2632 expositio-

281 2663 283 2668 ·
316 2644 388 2685 nem
414 2623 508 2688 unius
529 2623 574 2687 rei
595 2638 711 2710 gestae,
736 2647 791 2688 seu
814 2621 954 2702 actionis,
974 2635 1006 2686 et
1029 2620 1168 2710 plurium
1187 2633 1357 2701 artronum,

315 2711 450 2795 quarum
475 2709 573 2774 altera
597 2709 726 2794 alteram
752 2709 900 2797 temporis
925 2733 947 2797 p
1021 2733 1093 2773 essu
1118 2707 1253 2796 excipit;
1266 2707 1357 2784 ,inter

316 2793 458 2883 Cyclicos
482 2810 514 2861 et
537 2797 715 2860 Homerum
737 2797 796 2860 hoc
818 2810 885 2861 erat
906 2819 951 2884 qu
1014 2794 1179 2860 discrimen
1192 2794 1359 2859 constitue-

314 2879 388 2956 bat;
413 2894 445 2947 et
467 2882 509 2947 ad
529 2882 840 2948 animadvertendum
865 2895 933 2947 erat
952 2894 1124 2970 promtum,
1146 2881 1228 2946 inter
1250 2903 1356 2946 omnes

314 2969 505 3066 narrationes
526 2970 628 3058 epicas
649 2970 730 3034 hanc
745 2969 947 3034 Homericam
961 2993 1027 3035 esse
1041 2991 1137 3034 unam
1155 2967 1356 3120 praestantis-

277 3091 278 3094 *
314 3077 439 3131 srmam;
459 3056 545 3122 hanc
554 3057 673 3123 animos
687 3057 822 3122 maxime
837 3079 1011 3122 movereac
1026 3069 1141 3136 tenere,
1179 3078 1237 3120 anc
1251 3078 1354 3120 rerum

315 3141 464 3208 varietate
488 3143 642 3209 delectare
667 3156 697 3208 et
719 3143 835 3208 multas
855 3143 931 3208 alias
953 3144 1069 3208 habere
1090 3143 1241 3208 virtutes:
1266 3141 1354 3206 utin

316 3228 439 3317 Oedipo
453 3231 544 3318 Reg'e
557 3230 687 3295 felicitas
701 3229 879 3319 argumenti
897 3230 1092 3318 simplicitate
1106 3253 1164 3294 sua
1177 3227 1354 3317 exemplum

300 3315 469 3407 *perfectae
483 3317 661 3403 tragoediae
674 3317 850 3382 adumbrat.
895 3319 1002 3382 Ducta
1016 3318 1089 3382 hinc
1102 3330 1150 3382 est
1162 3315 1306 3382 doctrina
1317 3315 1354 3380 de

315 3401 434 3466 unitate
448 3401 528 3490 epici
549 3403 703 3482 carminis,
719 3416 869 3490 tanquam
892 3427 1014 3471 summa
1033 3404 1168 3479 virtute;
1192 3404 1275 3469 hanc
1289 3403 1356 3470 Vir-

312 3487 425 3587 gilium
446 3512 569 3554 summa
589 3514 662 3555 curn
684 3513 760 3555 cura
780 3513 816 3554 ac
838 3491 1008 3574 subtilitate
1024 3490 1156 3557 reddere
1169 3489 1304 3556 voluisse
1317 3512 1353 3554 ex

312 3598 381 3663 ipsa
394 3576 538 3642 carminis
551 3577 731 3643 oeconomia
744 3589 883 3665 apparet.
971 3587 974 3593 '
1322 3625 1326 3634 .

358 3663 499 3750 Majores
512 3664 625 3751 utique
638 3689 674 3730 ac
688 3664 825 3753 potiores
838 3672 943 3753 partes
962 3685 1086 3730 summa
1100 3663 1218 3752 ingenii
1236 3663 1352 3730 subtili-

312 3761 376 3814 tate
390 3764 621 3838 coagmentatas
635 3755 819 3841 es'se'patet3
843 3751 945 3817 multo
965 3751 1077 3838 magis,
1093 3751 1117 3816 si
1132 3775 1183 3816 eas
1197 3763 1290 3817 antea
1308 3775 1353 3830 sp

302 3834 430 3902 ‘litarias
443 3861 479 3904 ac
494 3861 508 3902 s
567 3839 624 3904 sim
637 3840 759 3904 habitas
780 3848 846 3904 esse
867 3838 992 3926 cogites.
1038 3840 1121 3903 Cum
1136 3837 1230 3903 semel
1245 3836 1351 3904 Achil-

312 3922 350 3987 lis
371 3923 419 3989 ira
440 3923 473 3989 in
489 3861 765 4014 ¹tillglramemuonem
786 3949 845 4014 pro
866 3925 967 3990 fundo
986 3937 1066 3991 esset
1085 3925 1211 4014 positae.
1227 3925 1351 3990 eductas

313 4034 351 4074 eo
372 4022 529 4078 contemto
546 4037 603 4101 per
617 4017 651 4078 A
725 4012 865 4078 ernnonis
886 4011 1063 4100 superbiam
1085 4012 1200 4100 copias,
1214 4012 1272 4076 etsi
1292 4012 1352 4075 for-

312 4095 429 4162 tissime
443 4113 621 4188 pugnantes
641 4037 762 4165 didm
783 4109 890 4164 tamen
909 4108 1055 4198 magnam
1070 4112 1102 4164 et
1115 4099 1259 4163 iteratam
1272 4121 1352 4164 acce-

312 4183 394 4270 pisse
415 4186 505 4251 facile
526 4201 681 4276 expectes,
697 4187 796 4254 donec
816 4185 883 4274 ipse
897 4185 1038 4251 Achilles
1056 4209 1143 4252 arma
1156 4185 1270 4250 iterum
1284 4207 1352 4250 oon-

314 4270 443 4335 sociaret
456 4279 528 4340 cum
544 4275 694 4340 Achivis:
719 4297 775 4364 per
789 4286 891 4340 totum
906 4286 1012 4338 autern
1026 4296 1149 4338 carmen
1164 4284 1236 4342 ante
1250 4272 1352 4340 oculos

312 4355 372 4429 hoc
394 4357 529 4426 habetur
554 4361 632 4428 mira
656 4385 729 4429 cunr
755 4374 839 4438 arte3
864 4360 1061 4426 nec'minore
1084 4383 1156 4444 cum
1177 4361 1357 4447 sagacitam*
