<?xml version="1.0" encoding="UTF-8"?>
<!DOCTYPE html PUBLIC "-//W3C//DTD XHTML 1.0 Transitional//EN"
    "http://www.w3.org/TR/xhtml1/DTD/xhtml1-transitional.dtd">
<html xmlns="http://www.w3.org/1999/xhtml" xml:lang="en" lang="en">
 <head>
  <title>
</title>
<meta http-equiv="Content-Type" content="text/html;charset=utf-8" />
  <meta name='ocr-system' content='tesseract 3.04.00' />
  <meta name='ocr-capabilities' content='ocr_page ocr_carea ocr_par ocr_line ocrx_word'/>
</head>
<body>
  <div class='ocr_page' id='page_1' title='image "./excursusinhomer00hermgoog_0067.png"; bbox 0 0 3026 5056; ppageno 0'>
   <div class='ocr_carea' id='block_1_1' title="bbox 311 349 1069 447">
    <p class='ocr_par' dir='ltr' id='par_1_1' title="bbox 311 349 1069 447">
     <span class='ocr_line' id='line_1_1' title="bbox 311 349 1069 447; baseline -0.005 0"><span class='ocrx_word' id='word_1_1' title='bbox 311 353 359 447; x_wconf 78' lang='lat'><strong>54&#39;</strong></span> <span class='ocrx_word' id='word_1_2' title='bbox 697 379 961 445; x_wconf 69' lang='lat' dir='ltr'>excursus</span> <span class='ocrx_word' id='word_1_3' title='bbox 1063 349 1069 356; x_wconf 85' lang='grc'><strong>’</strong></span> 
     </span>
    </p>
   </div>
   <div class='ocr_carea' id='block_1_2' title="bbox 302 545 1360 2275">
    <p class='ocr_par' dir='ltr' id='par_1_2' title="bbox 312 545 1360 1411">
     <span class='ocr_line' id='line_1_2' title="bbox 312 545 1357 634; baseline -0.006 -18"><span class='ocrx_word' id='word_1_4' title='bbox 312 565 394 616; x_wconf 78' lang='lat' dir='ltr'><strong>certe</strong></span> <span class='ocrx_word' id='word_1_5' title='bbox 409 551 616 634; x_wconf 68' lang='lat' dir='ltr'><strong>provocatoria</strong></span> <span class='ocrx_word' id='word_1_6' title='bbox 637 551 762 615; x_wconf 85' lang='lat' dir='ltr'>nomine</span> <span class='ocrx_word' id='word_1_7' title='bbox 781 550 918 616; x_wconf 77' lang='lat' dir='ltr'>declarat</span> <span class='ocrx_word' id='word_1_8' title='bbox 932 551 1099 615; x_wconf 76' lang='lat' dir='ltr'><strong>thoeteum</strong></span> <span class='ocrx_word' id='word_1_9' title='bbox 1117 559 1149 610; x_wconf 84' lang='lat' dir='ltr'><strong>ct</strong></span> <span class='ocrx_word' id='word_1_10' title='bbox 1164 545 1305 632; x_wconf 70' lang='lat' dir='ltr'>Sigeum·</span> <span class='ocrx_word' id='word_1_11' title='bbox 1315 567 1357 612; x_wconf 86' lang='lat' dir='ltr'>ex</span> 
     </span>
     <span class='ocr_line' id='line_1_3' title="bbox 312 631 1357 736; baseline -0.006 -34"><span class='ocrx_word' id='word_1_12' title='bbox 312 651 472 702; x_wconf 83' lang='lat' dir='ltr'><strong>constante</strong></span> <span class='ocrx_word' id='word_1_13' title='bbox 493 635 706 736; x_wconf 83' lang='lat' dir='ltr'><strong>antiquiorum</strong></span> <span class='ocrx_word' id='word_1_14' title='bbox 726 637 808 712; x_wconf 83' lang='lat' dir='ltr'>fide;</span> <span class='ocrx_word' id='word_1_15' title='bbox 835 637 999 702; x_wconf 85' lang='lat' dir='ltr'>Simoentis</span> <span class='ocrx_word' id='word_1_16' title='bbox 1017 633 1096 698; x_wconf 88' lang='lat' dir='ltr'>ostia</span> <span class='ocrx_word' id='word_1_17' title='bbox 1112 633 1243 720; x_wconf 88' lang='lat' dir='ltr'>propius</span> <span class='ocrx_word' id='word_1_18' title='bbox 1261 631 1303 696; x_wconf 86' lang='lat' dir='ltr'><strong>ad</strong></span> <span class='ocrx_word' id='word_1_19' title='bbox 1320 631 1357 696; x_wconf 92' lang='lat' dir='ltr'><strong>il-</strong></span> 
     </span>
     <span class='ocr_line' id='line_1_4' title="bbox 313 717 1360 806; baseline -0.007 -18"><span class='ocrx_word' id='word_1_20' title='bbox 313 723 380 803; x_wconf 93' lang='lat' dir='ltr'>lud,</span> <span class='ocrx_word' id='word_1_21' title='bbox 398 723 579 788; x_wconf 83' lang='lat' dir='ltr'><strong>Scamandrr</strong></span> <span class='ocrx_word' id='word_1_22' title='bbox 593 735 733 788; x_wconf 83' lang='lat' dir='ltr'><strong>extrema</strong></span> <span class='ocrx_word' id='word_1_23' title='bbox 745 723 871 802; x_wconf 84' lang='lat' dir='ltr'>adhoc,</span> <span class='ocrx_word' id='word_1_24' title='bbox 886 725 1048 795; x_wconf 80' lang='lat' dir='ltr'><strong>admovet3</strong></span> <span class='ocrx_word' id='word_1_25' title='bbox 1066 733 1238 806; x_wconf 88' lang='lat' dir='ltr'><strong>utrumque</strong></span> <span class='ocrx_word' id='word_1_26' title='bbox 1250 717 1360 805; x_wconf 85' lang='lat' dir='ltr'>paullo</span> 
     </span>
     <span class='ocr_line' id='line_1_5' title="bbox 312 805 1357 897; baseline -0.007 -23"><span class='ocrx_word' id='word_1_27' title='bbox 312 823 385 874; x_wconf 86' lang='lat' dir='ltr'><strong>ante</strong></span> <span class='ocrx_word' id='word_1_28' title='bbox 401 809 497 874; x_wconf 90' lang='lat' dir='ltr'>Ilium</span> <span class='ocrx_word' id='word_1_29' title='bbox 513 812 641 875; x_wconf 91' lang='lat' dir='ltr'><strong>Novum</strong></span> <span class='ocrx_word' id='word_1_30' title='bbox 655 811 823 897; x_wconf 88' lang='lat' dir='ltr'><strong>conjuncto</strong></span> <span class='ocrx_word' id='word_1_31' title='bbox 841 809 929 874; x_wconf 86' lang='lat' dir='ltr'>alveo</span> <span class='ocrx_word' id='word_1_32' title='bbox 948 809 981 872; x_wconf 91' lang='lat' dir='ltr'><strong>in</strong></span> <span class='ocrx_word' id='word_1_33' title='bbox 1000 829 1085 872; x_wconf 88' lang='lat' dir='ltr'><strong>mare</strong></span> <span class='ocrx_word' id='word_1_34' title='bbox 1104 805 1219 870; x_wconf 88' lang='lat' dir='ltr'><strong>deferri</strong></span> <span class='ocrx_word' id='word_1_35' title='bbox 1238 817 1357 882; x_wconf 85' lang='lat' dir='ltr'><strong>narrat,</strong></span> 
     </span>
     <span class='ocr_line' id='line_1_6' title="bbox 313 889 1356 980; baseline -0.006 -20"><span class='ocrx_word' id='word_1_36' title='bbox 313 909 345 960; x_wconf 90' lang='lat' dir='ltr'><strong>et</strong></span> <span class='ocrx_word' id='word_1_37' title='bbox 361 896 575 960; x_wconf 80' lang='lat' dir='ltr'>Stoomlimcen</span> <span class='ocrx_word' id='word_1_38' title='bbox 590 895 687 960; x_wconf 90' lang='lat' dir='ltr'>serius</span> <span class='ocrx_word' id='word_1_39' title='bbox 701 897 746 960; x_wconf 89' lang='lat' dir='ltr'><strong>ita</strong></span> <span class='ocrx_word' id='word_1_40' title='bbox 759 895 874 960; x_wconf 82' lang='lat' dir='ltr'><strong>dictam</strong></span> <span class='ocrx_word' id='word_1_41' title='bbox 888 895 1008 959; x_wconf 88' lang='lat' dir='ltr'>efficere</span> <span class='ocrx_word' id='word_1_42' title='bbox 1024 895 1069 980; x_wconf 92' lang='lat' dir='ltr'><strong>(p.</strong></span> <span class='ocrx_word' id='word_1_43' title='bbox 1082 895 1146 962; x_wconf 90' lang='grc'><strong>890</strong></span> <span class='ocrx_word' id='word_1_44' title='bbox 1160 893 1203 955; x_wconf 91' lang='lat' dir='ltr'><strong>A.</strong></span> <span class='ocrx_word' id='word_1_45' title='bbox 1221 889 1302 955; x_wconf 89' lang='lat' dir='ltr'><strong>Plin.</strong></span> <span class='ocrx_word' id='word_1_46' title='bbox 1315 892 1356 969; x_wconf 90' lang='lat' dir='ltr'><strong>V,</strong></span> 
     </span>
     <span class='ocr_line' id='line_1_7' title="bbox 314 977 1358 1068; baseline -0.004 -22"><span class='ocrx_word' id='word_1_47' title='bbox 314 986 368 1060; x_wconf 74' lang='lat'><strong>20,</strong></span> <span class='ocrx_word' id='word_1_48' title='bbox 378 985 446 1067; x_wconf 79' lang='grc'><strong>88).</strong></span> <span class='ocrx_word' id='word_1_49' title='bbox 471 984 596 1047; x_wconf 88' lang='lat' dir='ltr'><strong>Nomen</strong></span> <span class='ocrx_word' id='word_1_50' title='bbox 609 982 696 1068; x_wconf 86' lang='lat' dir='ltr'><strong>apud</strong></span> <span class='ocrx_word' id='word_1_51' title='bbox 711 981 889 1046; x_wconf 89' lang='lat' dir='ltr'><strong>Homerum</strong></span> <span class='ocrx_word' id='word_1_52' title='bbox 904 1003 967 1046; x_wconf 93' lang='lat' dir='ltr'><strong>non</strong></span> <span class='ocrx_word' id='word_1_53' title='bbox 981 977 1126 1056; x_wconf 78' lang='lat' dir='ltr'><strong>occmrit,</strong></span> <span class='ocrx_word' id='word_1_54' title='bbox 1137 989 1358 1064; x_wconf 66' lang='lat' dir='ltr'><strong>praeterquam</strong></span> 
     </span>
     <span class='ocr_line' id='line_1_8' title="bbox 313 1063 1359 1133; baseline -0.003 -2"><span class='ocrx_word' id='word_1_55' title='bbox 313 1068 347 1131; x_wconf 91' lang='lat' dir='ltr'><strong>in</strong></span> <span class='ocrx_word' id='word_1_56' title='bbox 371 1068 457 1132; x_wconf 84' lang='lat' dir='ltr'><strong>varia</strong></span> <span class='ocrx_word' id='word_1_57' title='bbox 480 1066 610 1132; x_wconf 90' lang='lat' dir='ltr'>lectione</span> <span class='ocrx_word' id='word_1_58' title='bbox 631 1088 740 1133; x_wconf 89' lang='lat' dir='ltr'>versus</span> <span class='ocrx_word' id='word_1_59' title='bbox 756 1068 795 1132; x_wconf 94' lang='lat' dir='ltr'><strong>Il.</strong></span> <span class='ocrx_word' id='word_1_60' title='bbox 812 1073 846 1132; x_wconf 91' lang='grc' dir='ltr'><strong>Ζ.</strong></span> <span class='ocrx_word' id='word_1_61' title='bbox 863 1070 892 1131; x_wconf 78' lang='lat'><strong>4.</strong></span> <span class='ocrx_word' id='word_1_62' title='bbox 934 1069 968 1131; x_wconf 90' lang='lat' dir='ltr'><strong>A</strong></span> <span class='ocrx_word' id='word_1_63' title='bbox 983 1069 1076 1132; x_wconf 90' lang='lat' dir='ltr'><strong>Novo</strong></span> <span class='ocrx_word' id='word_1_64' title='bbox 1092 1063 1153 1128; x_wconf 92' lang='lat' dir='ltr'>Ilio</span> <span class='ocrx_word' id='word_1_65' title='bbox 1168 1065 1282 1128; x_wconf 88' lang='lat' dir='ltr'><strong>XXX</strong></span> <span class='ocrx_word' id='word_1_66' title='bbox 1296 1076 1359 1128; x_wconf 82' lang='lat' dir='ltr'><strong>sta-</strong></span> 
     </span>
     <span class='ocr_line' id='line_1_9' title="bbox 313 1149 1359 1240; baseline -0.003 -23"><span class='ocrx_word' id='word_1_67' title='bbox 313 1154 373 1218; x_wconf 90' lang='lat' dir='ltr'>diis</span> <span class='ocrx_word' id='word_1_68' title='bbox 395 1155 501 1218; x_wconf 84' lang='lat' dir='ltr'>abesse</span> <span class='ocrx_word' id='word_1_69' title='bbox 522 1175 639 1240; x_wconf 83' lang='lat' dir='ltr'>pagum</span> <span class='ocrx_word' id='word_1_70' title='bbox 663 1153 828 1232; x_wconf 78' lang='lat' dir='ltr'>Iliensium,</span> <span class='ocrx_word' id='word_1_71' title='bbox 851 1151 956 1218; x_wconf 74' lang='grc' dir='ltr'>Ἰλιέων</span> <span class='ocrx_word' id='word_1_72' title='bbox 979 1153 1084 1234; x_wconf 77' lang='grc' dir='ltr'>κώμην,</span> <span class='ocrx_word' id='word_1_73' title='bbox 1110 1173 1148 1214; x_wconf 89' lang='lat' dir='ltr'>eo</span> <span class='ocrx_word' id='word_1_74' title='bbox 1169 1149 1238 1214; x_wconf 94' lang='lat' dir='ltr'>loco</span> <span class='ocrx_word' id='word_1_75' title='bbox 1267 1150 1359 1214; x_wconf 83' lang='lat' dir='ltr'>Vetus</span> 
     </span>
     <span class='ocr_line' id='line_1_10' title="bbox 314 1235 1359 1326; baseline -0.003 -23"><span class='ocrx_word' id='word_1_76' title='bbox 314 1241 408 1304; x_wconf 82' lang='lat' dir='ltr'>Ilium</span> <span class='ocrx_word' id='word_1_77' title='bbox 429 1239 524 1304; x_wconf 90' lang='lat' dir='ltr'>fuisse</span> <span class='ocrx_word' id='word_1_78' title='bbox 545 1240 648 1315; x_wconf 81' lang='lat' dir='ltr'><strong>credi3</strong></span> <span class='ocrx_word' id='word_1_79' title='bbox 672 1239 759 1304; x_wconf 86' lang='lat' dir='ltr'>nulla</span> <span class='ocrx_word' id='word_1_80' title='bbox 778 1239 906 1326; x_wconf 92' lang='lat' dir='ltr'>quidem</span> <span class='ocrx_word' id='word_1_81' title='bbox 927 1238 1058 1325; x_wconf 87' lang='lat' dir='ltr'>vestigia</span> <span class='ocrx_word' id='word_1_82' title='bbox 1079 1259 1248 1324; x_wconf 81' lang='lat' dir='ltr'>superesse,</span> <span class='ocrx_word' id='word_1_83' title='bbox 1271 1235 1359 1324; x_wconf 88' lang='lat' dir='ltr'><strong>quod</strong></span> 
     </span>
     <span class='ocr_line' id='line_1_11' title="bbox 314 1321 1335 1411; baseline -0.005 -21"><span class='ocrx_word' id='word_1_84' title='bbox 314 1340 419 1390; x_wconf 90' lang='lat' dir='ltr'><strong>tamen</strong></span> <span class='ocrx_word' id='word_1_85' title='bbox 432 1326 548 1390; x_wconf 92' lang='lat' dir='ltr'><strong>mirum</strong></span> <span class='ocrx_word' id='word_1_86' title='bbox 562 1326 690 1405; x_wconf 90' lang='lat' dir='ltr'>nonsit,</span> <span class='ocrx_word' id='word_1_87' title='bbox 706 1349 779 1391; x_wconf 92' lang='lat' dir='ltr'><strong>cum</strong></span> <span class='ocrx_word' id='word_1_88' title='bbox 797 1339 844 1391; x_wconf 90' lang='lat' dir='ltr'><strong>tot</strong></span> <span class='ocrx_word' id='word_1_89' title='bbox 864 1326 991 1390; x_wconf 93' lang='lat' dir='ltr'><strong>urbium</strong></span> <span class='ocrx_word' id='word_1_90' title='bbox 1012 1323 1213 1411; x_wconf 84' lang='lat' dir='ltr'><strong>antiquarum</strong></span> <span class='ocrx_word' id='word_1_91' title='bbox 1228 1321 1302 1386; x_wconf 87' lang='lat' dir='ltr'>vest&#39;</span> <span class='ocrx_word' id='word_1_92' title='bbox 1329 1321 1335 1334; x_wconf 90' lang='lat'>&#39;</span> 
     </span>
    </p>

    <p class='ocr_par' dir='ltr' id='par_1_3' title="bbox 302 1345 1360 2275">
     <span class='ocr_line' id='line_1_12' title="bbox 313 1345 1360 1500; baseline -0.005 -24"><span class='ocrx_word' id='word_1_93' title='bbox 313 1413 401 1476; x_wconf 92' lang='lat' dir='ltr'><strong>haud</strong></span> <span class='ocrx_word' id='word_1_94' title='bbox 414 1413 620 1500; x_wconf 83' lang='lat' dir='ltr'><strong>reperiantur,</strong></span> <span class='ocrx_word' id='word_1_95' title='bbox 633 1412 734 1476; x_wconf 89' lang='lat' dir='ltr'>multo</span> <span class='ocrx_word' id='word_1_96' title='bbox 821 1413 847 1476; x_wconf 88' lang='lat' dir='ltr'>&#39;s</span> <span class='ocrx_word' id='word_1_97' title='bbox 860 1412 894 1476; x_wconf 92' lang='lat' dir='ltr'><strong>id</strong></span> <span class='ocrx_word' id='word_1_98' title='bbox 907 1411 976 1476; x_wconf 84' lang='lat' dir='ltr'><strong>fieri</strong></span> <span class='ocrx_word' id='word_1_99' title='bbox 990 1410 1134 1476; x_wconf 87' lang='lat' dir='ltr'>debuisse</span> <span class='ocrx_word' id='word_1_100' title='bbox 1147 1409 1181 1472; x_wconf 92' lang='lat' dir='ltr'><strong>in</strong></span> <span class='ocrx_word' id='word_1_101' title='bbox 1194 1409 1253 1472; x_wconf 88' lang='lat' dir='ltr'><strong>hac</strong></span> <span class='ocrx_word' id='word_1_102' title='bbox 1268 1345 1360 1487; x_wconf 49' lang='grc' dir='ltr'><strong>αξξ</strong></span> 
     </span>
     <span class='ocr_line' id='line_1_13' title="bbox 314 1495 1360 1585; baseline -0.005 -22"><span class='ocrx_word' id='word_1_103' title='bbox 314 1498 423 1585; x_wconf 86' lang='lat' dir='ltr'><strong>quand</strong></span> <span class='ocrx_word' id='word_1_104' title='bbox 464 1499 570 1563; x_wconf 92' lang='lat' dir='ltr'>uidem</span> <span class='ocrx_word' id='word_1_105' title='bbox 589 1499 751 1564; x_wconf 83' lang='lat' dir='ltr'><strong>materiam</strong></span> <span class='ocrx_word' id='word_1_106' title='bbox 829 1497 1054 1563; x_wconf 84' lang='lat' dir='ltr'>exstruendum</span> <span class='ocrx_word' id='word_1_107' title='bbox 1069 1495 1166 1562; x_wconf 93' lang='lat' dir='ltr'>Ilium</span> <span class='ocrx_word' id='word_1_108' title='bbox 1183 1497 1313 1560; x_wconf 88' lang='lat' dir='ltr'><strong>Novum</strong></span> <span class='ocrx_word' id='word_1_109' title='bbox 1327 1508 1360 1559; x_wconf 91' lang='lat' dir='ltr'><strong>et</strong></span> 
     </span>
     <span class='ocr_line' id='line_1_14' title="bbox 316 1523 1360 1673; baseline -0.006 -23"><span class='ocrx_word' id='word_1_110' title='bbox 316 1523 531 1672; x_wconf 62' lang='lat' dir='ltr'>Sigeumolrinc</span> <span class='ocrx_word' id='word_1_111' title='bbox 545 1585 721 1672; x_wconf 86' lang='lat' dir='ltr'><strong>petierunt:</strong></span> <span class='ocrx_word' id='word_1_112' title='bbox 744 1587 788 1673; x_wconf 93' lang='lat' dir='ltr'><strong>(p.</strong></span> <span class='ocrx_word' id='word_1_113' title='bbox 801 1589 865 1656; x_wconf 88' lang='grc'><strong>895</strong></span> <span class='ocrx_word' id='word_1_114' title='bbox 877 1589 919 1649; x_wconf 93' lang='lat' dir='ltr'><strong>A.</strong></span> <span class='ocrx_word' id='word_1_115' title='bbox 931 1587 986 1671; x_wconf 93' lang='grc' dir='ltr'><strong>Β.)</strong></span> <span class='ocrx_word' id='word_1_116' title='bbox 1015 1587 1118 1670; x_wconf 87' lang='lat' dir='ltr'><strong>Supra</strong></span> <span class='ocrx_word' id='word_1_117' title='bbox 1131 1604 1250 1670; x_wconf 86' lang='lat' dir='ltr'>pagum</span> <span class='ocrx_word' id='word_1_118' title='bbox 1265 1581 1360 1645; x_wconf 86' lang='lat' dir='ltr'>Ilien-</span> 
     </span>
     <span class='ocr_line' id='line_1_15' title="bbox 315 1669 1357 1756; baseline -0.002 -21"><span class='ocrx_word' id='word_1_119' title='bbox 315 1672 396 1736; x_wconf 90' lang='lat' dir='ltr'><strong>sium</strong></span> <span class='ocrx_word' id='word_1_120' title='bbox 417 1685 449 1736; x_wconf 91' lang='lat' dir='ltr'><strong>et</strong></span> <span class='ocrx_word' id='word_1_121' title='bbox 470 1671 555 1736; x_wconf 89' lang='lat' dir='ltr'><strong>ultra</strong></span> <span class='ocrx_word' id='word_1_122' title='bbox 578 1672 717 1750; x_wconf 88' lang='lat' dir='ltr'>Simoim,</span> <span class='ocrx_word' id='word_1_123' title='bbox 733 1671 840 1735; x_wconf 88' lang='lat' dir='ltr'>stadiis</span> <span class='ocrx_word' id='word_1_124' title='bbox 855 1673 923 1736; x_wconf 96' lang='lat' dir='ltr'><strong>XL</strong></span> <span class='ocrx_word' id='word_1_125' title='bbox 938 1695 958 1736; x_wconf 86' lang='lat' dir='ltr'><strong>a</strong></span> <span class='ocrx_word' id='word_1_126' title='bbox 972 1673 1065 1736; x_wconf 89' lang='lat' dir='ltr'><strong>Novo</strong></span> <span class='ocrx_word' id='word_1_127' title='bbox 1081 1669 1142 1734; x_wconf 93' lang='lat' dir='ltr'>Ilio</span> <span class='ocrx_word' id='word_1_128' title='bbox 1159 1670 1204 1756; x_wconf 89' lang='lat' dir='ltr'><strong>(p.</strong></span> <span class='ocrx_word' id='word_1_129' title='bbox 1217 1671 1282 1738; x_wconf 78' lang='lat'><strong>893</strong></span> <span class='ocrx_word' id='word_1_130' title='bbox 1297 1670 1357 1754; x_wconf 90' lang='lat' dir='ltr'><strong>A.)</strong></span> 
     </span>
     <span class='ocr_line' id='line_1_16' title="bbox 317 1755 1360 1856; baseline -0.001 -35"><span class='ocrx_word' id='word_1_131' title='bbox 317 1758 498 1822; x_wconf 74' lang='lat' dir='ltr'><strong>Calliculam</strong></span> <span class='ocrx_word' id='word_1_132' title='bbox 522 1757 595 1836; x_wconf 86' lang='lat' dir='ltr'>fuit,</span> <span class='ocrx_word' id='word_1_133' title='bbox 622 1757 707 1821; x_wconf 92' lang='lat' dir='ltr'>collis</span> <span class='ocrx_word' id='word_1_134' title='bbox 730 1758 871 1856; x_wconf 77' lang='lat' dir='ltr'>quinque</span> <span class='ocrx_word' id='word_1_135' title='bbox 897 1757 1069 1822; x_wconf 79' lang='lat' dir='ltr'><strong>stadiorum</strong></span> <span class='ocrx_word' id='word_1_136' title='bbox 1093 1756 1223 1822; x_wconf 89' lang='lat' dir='ltr'><strong>ambitu.</strong></span> <span class='ocrx_word' id='word_1_137' title='bbox 1269 1755 1360 1820; x_wconf 75' lang='lat' dir='ltr'><strong>Infra</strong></span> 
     </span>
     <span class='ocr_line' id='line_1_17' title="bbox 315 1842 1356 1931; baseline -0.003 -24"><span class='ocrx_word' id='word_1_138' title='bbox 315 1845 445 1908; x_wconf 92' lang='lat' dir='ltr'><strong>Novum</strong></span> <span class='ocrx_word' id='word_1_139' title='bbox 468 1842 564 1907; x_wconf 93' lang='lat' dir='ltr'>Ilium</span> <span class='ocrx_word' id='word_1_140' title='bbox 583 1867 692 1908; x_wconf 88' lang='lat' dir='ltr'>versus</span> <span class='ocrx_word' id='word_1_141' title='bbox 716 1846 844 1931; x_wconf 77' lang='lat' dir='ltr'>Sigeum</span> <span class='ocrx_word' id='word_1_142' title='bbox 865 1857 1057 1908; x_wconf 87' lang='lat' dir='ltr'><strong>memoratur</strong></span> <span class='ocrx_word' id='word_1_143' title='bbox 1074 1844 1296 1907; x_wconf 75' lang='lat' dir='ltr'><strong>Naustathmus</strong></span> <span class='ocrx_word' id='word_1_144' title='bbox 1311 1842 1356 1928; x_wconf 88' lang='lat' dir='ltr'><strong>(p.</strong></span> 
     </span>
     <span class='ocr_line' id='line_1_18' title="bbox 315 1927 1357 2018; baseline 0 -26"><span class='ocrx_word' id='word_1_145' title='bbox 315 1931 380 1998; x_wconf 85' lang='grc'><strong>898</strong></span> <span class='ocrx_word' id='word_1_146' title='bbox 392 1931 428 1992; x_wconf 89' lang='lat' dir='ltr'><strong>C.</strong></span> <span class='ocrx_word' id='word_1_147' title='bbox 445 1932 511 1999; x_wconf 72' lang='lat'><strong>894</strong></span> <span class='ocrx_word' id='word_1_148' title='bbox 521 1931 582 2015; x_wconf 90' lang='lat' dir='ltr'><strong>A.)</strong></span> <span class='ocrx_word' id='word_1_149' title='bbox 594 1942 625 1994; x_wconf 88' lang='lat' dir='ltr'><strong>et</strong></span> <span class='ocrx_word' id='word_1_150' title='bbox 639 1953 738 2018; x_wconf 91' lang='lat' dir='ltr'><strong>prope</strong></span> <span class='ocrx_word' id='word_1_151' title='bbox 755 1930 894 2018; x_wconf 87' lang='lat' dir='ltr'>Sigeum,</span> <span class='ocrx_word' id='word_1_152' title='bbox 911 1933 987 1996; x_wconf 90' lang='lat' dir='ltr'><strong>XX</strong></span> <span class='ocrx_word' id='word_1_153' title='bbox 1001 1928 1108 1995; x_wconf 83' lang='lat' dir='ltr'>stadiis</span> <span class='ocrx_word' id='word_1_154' title='bbox 1121 1929 1163 1993; x_wconf 91' lang='lat' dir='ltr'><strong>ab</strong></span> <span class='ocrx_word' id='word_1_155' title='bbox 1177 1927 1238 1992; x_wconf 93' lang='lat' dir='ltr'>Ilio</span> <span class='ocrx_word' id='word_1_156' title='bbox 1252 1930 1357 2007; x_wconf 90' lang='lat' dir='ltr'>Novo,</span> 
     </span>
     <span class='ocr_line' id='line_1_19' title="bbox 316 2013 1359 2103; baseline -0.001 -25"><span class='ocrx_word' id='word_1_157' title='bbox 316 2014 501 2079; x_wconf 81' lang='lat' dir='ltr'><strong>Scamander</strong></span> <span class='ocrx_word' id='word_1_158' title='bbox 521 2015 555 2078; x_wconf 94' lang='lat' dir='ltr'><strong>in</strong></span> <span class='ocrx_word' id='word_1_159' title='bbox 576 2039 661 2079; x_wconf 87' lang='lat' dir='ltr'><strong>mare</strong></span> <span class='ocrx_word' id='word_1_160' title='bbox 682 2017 766 2092; x_wconf 91' lang='lat' dir='ltr'>exit;</span> <span class='ocrx_word' id='word_1_161' title='bbox 789 2017 975 2103; x_wconf 89' lang='lat' dir='ltr'>conjunctus</span> <span class='ocrx_word' id='word_1_162' title='bbox 996 2016 1058 2096; x_wconf 91' lang='lat' dir='ltr'>ille,</span> <span class='ocrx_word' id='word_1_163' title='bbox 1079 2037 1199 2094; x_wconf 81' lang='lat' dir='ltr'>censae,</span> <span class='ocrx_word' id='word_1_164' title='bbox 1217 2037 1289 2079; x_wconf 93' lang='lat' dir='ltr'><strong>cum</strong></span> <span class='ocrx_word' id='word_1_165' title='bbox 1311 2013 1359 2079; x_wconf 89' lang='lat' dir='ltr'><strong>Si-</strong></span> 
     </span>
     <span class='ocr_line' id='line_1_20' title="bbox 315 2100 1360 2188; baseline 0 -24"><span class='ocrx_word' id='word_1_166' title='bbox 315 2100 396 2176; x_wconf 91' lang='lat' dir='ltr'>moi;</span> <span class='ocrx_word' id='word_1_167' title='bbox 419 2101 548 2188; x_wconf 89' lang='lat' dir='ltr'><strong>propior</strong></span> <span class='ocrx_word' id='word_1_168' title='bbox 562 2125 644 2166; x_wconf 88' lang='lat' dir='ltr'><strong>novo</strong></span> <span class='ocrx_word' id='word_1_169' title='bbox 659 2103 731 2183; x_wconf 92' lang='lat' dir='ltr'>Ilio,</span> <span class='ocrx_word' id='word_1_170' title='bbox 747 2127 804 2168; x_wconf 89' lang='lat' dir='ltr'>uec</span> <span class='ocrx_word' id='word_1_171' title='bbox 817 2103 876 2167; x_wconf 91' lang='lat' dir='ltr'>nisi</span> <span class='ocrx_word' id='word_1_172' title='bbox 891 2105 968 2169; x_wconf 93' lang='lat' dir='ltr'><strong>XII</strong></span> <span class='ocrx_word' id='word_1_173' title='bbox 984 2102 1090 2168; x_wconf 86' lang='lat' dir='ltr'>stadiis</span> <span class='ocrx_word' id='word_1_174' title='bbox 1103 2101 1232 2179; x_wconf 83' lang='lat' dir='ltr'>distans,</span> <span class='ocrx_word' id='word_1_175' title='bbox 1244 2102 1360 2166; x_wconf 80' lang='lat' dir='ltr'>Achae-</span> 
     </span>
     <span class='ocr_line' id='line_1_21' title="bbox 302 2186 1359 2275; baseline -0.001 -22"><span class='ocrx_word' id='word_1_176' title='bbox 302 2210 400 2253; x_wconf 78' lang='lat' dir='ltr'><strong>orum</strong></span> <span class='ocrx_word' id='word_1_177' title='bbox 411 2197 519 2270; x_wconf 81' lang='lat' dir='ltr'><strong>portus</strong></span> <span class='ocrx_word' id='word_1_178' title='bbox 533 2187 579 2274; x_wconf 86' lang='lat' dir='ltr'><strong>(p.</strong></span> <span class='ocrx_word' id='word_1_179' title='bbox 596 2191 658 2259; x_wconf 91' lang='grc'><strong>891</strong></span> <span class='ocrx_word' id='word_1_180' title='bbox 674 2193 734 2275; x_wconf 93' lang='grc' dir='ltr'><strong>Α.)</strong></span> <span class='ocrx_word' id='word_1_181' title='bbox 750 2202 837 2254; x_wconf 83' lang='lat' dir='ltr'><strong>totus</strong></span> <span class='ocrx_word' id='word_1_182' title='bbox 849 2189 902 2254; x_wconf 90' lang='lat' dir='ltr'>ille</span> <span class='ocrx_word' id='word_1_183' title='bbox 922 2203 1039 2254; x_wconf 85' lang='lat' dir='ltr'><strong>tractus</strong></span> <span class='ocrx_word' id='word_1_184' title='bbox 1058 2203 1142 2254; x_wconf 88' lang='lat' dir='ltr'><strong>terra</strong></span> <span class='ocrx_word' id='word_1_185' title='bbox 1155 2186 1293 2252; x_wconf 84' lang='lat' dir='ltr'>alluviis</span> <span class='ocrx_word' id='word_1_186' title='bbox 1305 2211 1359 2275; x_wconf 92' lang='lat' dir='ltr'><strong>ag-</strong></span> 
     </span>
    </p>
   </div>
   <div class='ocr_carea' id='block_1_3' title="bbox 314 2273 1512 2384">
    <p class='ocr_par' dir='ltr' id='par_1_4' title="bbox 314 2273 1512 2384">
     <span class='ocr_line' id='line_1_22' title="bbox 314 2273 1512 2384; baseline 0 -46"><span class='ocrx_word' id='word_1_187' title='bbox 314 2285 404 2362; x_wconf 84' lang='lat' dir='ltr'>gesta</span> <span class='ocrx_word' id='word_1_188' title='bbox 424 2287 543 2340; x_wconf 86' lang='lat' dir='ltr'>enatus.</span> <span class='ocrx_word' id='word_1_189' title='bbox 568 2276 615 2361; x_wconf 88' lang='lat' dir='ltr'><strong>(p</strong></span> <span class='ocrx_word' id='word_1_190' title='bbox 631 2278 697 2346; x_wconf 79' lang='lat'><strong>894</strong></span> <span class='ocrx_word' id='word_1_191' title='bbox 711 2278 749 2340; x_wconf 93' lang='lat' dir='ltr'><strong>B.</strong></span> <span class='ocrx_word' id='word_1_192' title='bbox 766 2279 803 2342; x_wconf 88' lang='lat' dir='ltr'><strong>C.</strong></span> <span class='ocrx_word' id='word_1_193' title='bbox 827 2277 909 2341; x_wconf 86' lang='lat' dir='ltr'><strong>adde</strong></span> <span class='ocrx_word' id='word_1_194' title='bbox 928 2299 961 2364; x_wconf 90' lang='lat' dir='ltr'><strong>p.</strong></span> <span class='ocrx_word' id='word_1_195' title='bbox 977 2279 1042 2346; x_wconf 85' lang='lat'><strong>890</strong></span> <span class='ocrx_word' id='word_1_196' title='bbox 1056 2279 1100 2339; x_wconf 90' lang='lat' dir='ltr'><strong>A.</strong></span> <span class='ocrx_word' id='word_1_197' title='bbox 1116 2277 1164 2340; x_wconf 63' lang='grc' dir='ltr'><strong>Β.’</strong></span> <span class='ocrx_word' id='word_1_198' title='bbox 1178 2273 1233 2338; x_wconf 94' lang='lat' dir='ltr'><strong>ubi</strong></span> <span class='ocrx_word' id='word_1_199' title='bbox 1255 2286 1370 2338; x_wconf 38' lang='lat' dir='ltr'><strong>tamen.</strong></span> <span class='ocrx_word' id='word_1_200' title='bbox 1511 2371 1512 2384; x_wconf 11' lang='grc' dir='ltr'>χ</span> 
     </span>
    </p>
   </div>
   <div class='ocr_carea' id='block_1_4' title="bbox 314 2360 1361 2451">
    <p class='ocr_par' dir='ltr' id='par_1_5' title="bbox 314 2360 1361 2451">
     <span class='ocr_line' id='line_1_23' title="bbox 314 2360 1361 2451; baseline -0.004 -22"><span class='ocrx_word' id='word_1_201' title='bbox 314 2361 560 2450; x_wconf 83' lang='lat' dir='ltr'>geographicum</span> <span class='ocrx_word' id='word_1_202' title='bbox 572 2362 713 2428; x_wconf 88' lang='lat' dir='ltr'><strong>locorum</strong></span> <span class='ocrx_word' id='word_1_203' title='bbox 728 2364 823 2429; x_wconf 90' lang='lat' dir='ltr'>situm</span> <span class='ocrx_word' id='word_1_204' title='bbox 842 2389 905 2431; x_wconf 89' lang='lat' dir='ltr'><strong>non</strong></span> <span class='ocrx_word' id='word_1_205' title='bbox 924 2377 1067 2429; x_wconf 85' lang='lat' dir='ltr'><strong>accurate</strong></span> <span class='ocrx_word' id='word_1_206' title='bbox 1081 2362 1260 2451; x_wconf 86' lang='lat' dir='ltr'>exposuisse</span> <span class='ocrx_word' id='word_1_207' title='bbox 1274 2360 1361 2426; x_wconf 89' lang='lat' dir='ltr'>vide-</span> 
     </span>
    </p>
   </div>
   <div class='ocr_carea' id='block_1_5' title="bbox 237 2449 1361 4359">
    <p class='ocr_par' dir='ltr' id='par_1_6' title="bbox 237 2449 1361 3486">
     <span class='ocr_line' id='line_1_24' title="bbox 316 2449 1359 2534; baseline 0.002 -23"><span class='ocrx_word' id='word_1_208' title='bbox 316 2460 369 2512; x_wconf 90' lang='lat' dir='ltr'><strong>tur</strong></span> <span class='ocrx_word' id='word_1_209' title='bbox 385 2449 515 2514; x_wconf 87' lang='lat' dir='ltr'><strong>Strabo:</strong></span> <span class='ocrx_word' id='word_1_210' title='bbox 532 2449 572 2513; x_wconf 83' lang='lat' dir='ltr'><strong>cf.</strong></span> <span class='ocrx_word' id='word_1_211' title='bbox 588 2451 685 2514; x_wconf 83' lang='lat' dir='ltr'><strong>verba</strong></span> <span class='ocrx_word' id='word_1_212' title='bbox 697 2450 771 2515; x_wconf 91' lang='lat' dir='ltr'>inde</span> <span class='ocrx_word' id='word_1_213' title='bbox 785 2451 913 2516; x_wconf 83' lang='lat' dir='ltr'><strong>laudata</strong></span> <span class='ocrx_word' id='word_1_214' title='bbox 925 2453 966 2516; x_wconf 86' lang='lat' dir='ltr'><strong>ab</strong></span> <span class='ocrx_word' id='word_1_215' title='bbox 980 2451 1128 2516; x_wconf 84' lang='lat' dir='ltr'><strong>Eustath.</strong></span> <span class='ocrx_word' id='word_1_216' title='bbox 1169 2449 1279 2534; x_wconf 89' lang='grc'><strong>.608.)</strong></span> <span class='ocrx_word' id='word_1_217' title='bbox 1302 2450 1359 2513; x_wconf 89' lang='lat' dir='ltr'><strong>An</strong></span> 
     </span>
     <span class='ocr_line' id='line_1_25' title="bbox 313 2465 1359 2625; baseline 0.005 -29"><span class='ocrx_word' id='word_1_218' title='bbox 313 2533 365 2597; x_wconf 91' lang='lat' dir='ltr'>ille</span> <span class='ocrx_word' id='word_1_219' title='bbox 380 2535 413 2598; x_wconf 92' lang='lat' dir='ltr'><strong>in</strong></span> <span class='ocrx_word' id='word_1_220' title='bbox 427 2535 526 2623; x_wconf 89' lang='lat' dir='ltr'><strong>Dicty</strong></span> <span class='ocrx_word' id='word_1_221' title='bbox 543 2535 609 2619; x_wconf 88' lang='lat' dir='ltr'>(lib.</span> <span class='ocrx_word' id='word_1_222' title='bbox 628 2539 679 2616; x_wconf 91' lang='lat' dir='ltr'><strong>II,</strong></span> <span class='ocrx_word' id='word_1_223' title='bbox 697 2539 748 2602; x_wconf 79' lang='lat'><strong>45.</strong></span> <span class='ocrx_word' id='word_1_224' title='bbox 765 2561 796 2625; x_wconf 94' lang='lat' dir='ltr'><strong>p.</strong></span> <span class='ocrx_word' id='word_1_225' title='bbox 813 2537 867 2617; x_wconf 90' lang='lat'><strong>60,</strong></span> <span class='ocrx_word' id='word_1_226' title='bbox 882 2541 929 2623; x_wconf 80' lang='lat'><strong>3.)</strong></span> <span class='ocrx_word' id='word_1_227' title='bbox 945 2560 1002 2624; x_wconf 88' lang='lat' dir='ltr'><strong>per</strong></span> <span class='ocrx_word' id='word_1_228' title='bbox 1020 2465 1210 2620; x_wconf 70' lang='lat' dir='ltr'><strong>potamion</strong></span> <span class='ocrx_word' id='word_1_229' title='bbox 1223 2533 1359 2600; x_wconf 85' lang='lat' dir='ltr'><strong>declara-</strong></span> 
     </span>
     <span class='ocr_line' id='line_1_26' title="bbox 315 2621 1360 2711; baseline 0.002 -28"><span class='ocrx_word' id='word_1_230' title='bbox 315 2625 390 2684; x_wconf 84' lang='lat' dir='ltr'><strong>tur?</strong></span> <span class='ocrx_word' id='word_1_231' title='bbox 429 2623 523 2686; x_wconf 88' lang='lat' dir='ltr'><strong>Certe</strong></span> <span class='ocrx_word' id='word_1_232' title='bbox 537 2621 676 2687; x_wconf 91' lang='lat' dir='ltr'><strong>locorum</strong></span> <span class='ocrx_word' id='word_1_233' title='bbox 696 2624 792 2689; x_wconf 91' lang='lat' dir='ltr'>situm</span> <span class='ocrx_word' id='word_1_234' title='bbox 811 2647 877 2688; x_wconf 92' lang='lat' dir='ltr'>esse</span> <span class='ocrx_word' id='word_1_235' title='bbox 895 2637 1052 2689; x_wconf 87' lang='lat' dir='ltr'><strong>mutatum</strong></span> <span class='ocrx_word' id='word_1_236' title='bbox 1067 2623 1133 2711; x_wconf 88' lang='lat' dir='ltr'>ipse</span> <span class='ocrx_word' id='word_1_237' title='bbox 1208 2635 1241 2686; x_wconf 91' lang='lat' dir='ltr'><strong>ta</strong></span> <span class='ocrx_word' id='word_1_238' title='bbox 1253 2621 1360 2709; x_wconf 84' lang='lat' dir='ltr'><strong>prodit</strong></span> 
     </span>
     <span class='ocr_line' id='line_1_27' title="bbox 315 2704 1357 2793; baseline 0.003 -24"><span class='ocrx_word' id='word_1_239' title='bbox 315 2704 354 2769; x_wconf 90' lang='lat' dir='ltr'><strong>Il.</strong></span> <span class='ocrx_word' id='word_1_240' title='bbox 373 2712 415 2770; x_wconf 91' lang='lat' dir='ltr'><strong>M.</strong></span> <span class='ocrx_word' id='word_1_241' title='bbox 436 2730 484 2793; x_wconf 88' lang='lat' dir='ltr'><strong>pr.</strong></span> <span class='ocrx_word' id='word_1_242' title='bbox 501 2707 541 2771; x_wconf 90' lang='lat' dir='ltr'>de</span> <span class='ocrx_word' id='word_1_243' title='bbox 562 2707 643 2772; x_wconf 80' lang='lat' dir='ltr'>vallo</span> <span class='ocrx_word' id='word_1_244' title='bbox 664 2709 805 2774; x_wconf 85' lang='lat' dir='ltr'><strong>amnium</strong></span> <span class='ocrx_word' id='word_1_245' title='bbox 826 2709 927 2774; x_wconf 88' lang='lat' dir='ltr'>eluvie</span> <span class='ocrx_word' id='word_1_246' title='bbox 948 2709 1084 2786; x_wconf 84' lang='lat' dir='ltr'><strong>obtrito;</strong></span> <span class='ocrx_word' id='word_1_247' title='bbox 1158 2709 1189 2773; x_wconf 94' lang='lat' dir='ltr'><strong>d.</strong></span> <span class='ocrx_word' id='word_1_248' title='bbox 1202 2707 1357 2774; x_wconf 87' lang='lat' dir='ltr'><strong>Herodot.</strong></span> 
     </span>
     <span class='ocr_line' id='line_1_28' title="bbox 315 2791 1361 2876; baseline 0.004 -22"><span class='ocrx_word' id='word_1_249' title='bbox 315 2791 367 2871; x_wconf 94' lang='lat' dir='ltr'><strong>II,</strong></span> <span class='ocrx_word' id='word_1_250' title='bbox 389 2794 439 2856; x_wconf 91' lang='grc'><strong>10.</strong></span> <span class='ocrx_word' id='word_1_251' title='bbox 485 2793 624 2874; x_wconf 91' lang='lat' dir='ltr'>Achillis,</span> <span class='ocrx_word' id='word_1_252' title='bbox 648 2794 785 2860; x_wconf 82' lang='lat' dir='ltr'><strong>Patrocli</strong></span> <span class='ocrx_word' id='word_1_253' title='bbox 808 2809 841 2860; x_wconf 90' lang='lat' dir='ltr'><strong>et</strong></span> <span class='ocrx_word' id='word_1_254' title='bbox 861 2797 1034 2876; x_wconf 87' lang='lat' dir='ltr'><strong>Antilochi,</strong></span> <span class='ocrx_word' id='word_1_255' title='bbox 1056 2796 1248 2860; x_wconf 81' lang='lat' dir='ltr'><strong>monimento</strong></span> <span class='ocrx_word' id='word_1_256' title='bbox 1268 2793 1301 2858; x_wconf 90' lang='lat' dir='ltr'><strong>in</strong></span> <span class='ocrx_word' id='word_1_257' title='bbox 1323 2817 1361 2858; x_wconf 92' lang='lat' dir='ltr'>eo</span> 
     </span>
     <span class='ocr_line' id='line_1_29' title="bbox 312 2877 1360 2969; baseline 0.005 -29"><span class='ocrx_word' id='word_1_258' title='bbox 312 2877 417 2942; x_wconf 81' lang='lat' dir='ltr'><strong>littore</strong></span> <span class='ocrx_word' id='word_1_259' title='bbox 438 2878 545 2960; x_wconf 87' lang='lat' dir='ltr'>fuisse,</span> <span class='ocrx_word' id='word_1_260' title='bbox 568 2881 610 2945; x_wconf 85' lang='lat' dir='ltr'><strong>ad</strong></span> <span class='ocrx_word' id='word_1_261' title='bbox 631 2906 712 2969; x_wconf 87' lang='lat' dir='ltr'>quae</span> <span class='ocrx_word' id='word_1_262' title='bbox 733 2881 859 2947; x_wconf 88' lang='lat' dir='ltr'>inferias</span> <span class='ocrx_word' id='word_1_263' title='bbox 880 2883 1018 2948; x_wconf 77' lang='lat' dir='ltr'><strong>facerent</strong></span> <span class='ocrx_word' id='word_1_264' title='bbox 1040 2882 1179 2961; x_wconf 91' lang='lat' dir='ltr'>Ilienses,</span> <span class='ocrx_word' id='word_1_265' title='bbox 1187 2880 1305 2968; x_wconf 67' lang='lat' dir='ltr'>„Ajacis</span> <span class='ocrx_word' id='word_1_266' title='bbox 1318 2881 1360 2945; x_wconf 85' lang='lat' dir='ltr'><strong>ad</strong></span> 
     </span>
     <span class='ocr_line' id='line_1_30' title="bbox 314 2965 1358 3057; baseline 0.005 -29"><span class='ocrx_word' id='word_1_267' title='bbox 314 2965 506 3045; x_wconf 83' lang='lat' dir='ltr'>Rhoeteum,</span> <span class='ocrx_word' id='word_1_268' title='bbox 524 2967 591 3054; x_wconf 88' lang='lat' dir='ltr'>ipse</span> <span class='ocrx_word' id='word_1_269' title='bbox 613 2969 727 3034; x_wconf 90' lang='lat' dir='ltr'><strong>Strabo</strong></span> <span class='ocrx_word' id='word_1_270' title='bbox 748 2981 901 3034; x_wconf 89' lang='lat' dir='ltr'><strong>memorat</strong></span> <span class='ocrx_word' id='word_1_271' title='bbox 924 2970 969 3057; x_wconf 90' lang='lat' dir='ltr'><strong>(p.</strong></span> <span class='ocrx_word' id='word_1_272' title='bbox 985 2973 1048 3041; x_wconf 88' lang='lat'><strong>891</strong></span> <span class='ocrx_word' id='word_1_273' title='bbox 1064 2972 1108 3034; x_wconf 91' lang='lat' dir='ltr'><strong>A.</strong></span> <span class='ocrx_word' id='word_1_274' title='bbox 1123 2982 1155 3034; x_wconf 91' lang='lat' dir='ltr'><strong>et</strong></span> <span class='ocrx_word' id='word_1_275' title='bbox 1170 2992 1201 3056; x_wconf 95' lang='lat' dir='ltr'><strong>p.</strong></span> <span class='ocrx_word' id='word_1_276' title='bbox 1217 2972 1283 3039; x_wconf 92' lang='grc'><strong>890</strong></span> <span class='ocrx_word' id='word_1_277' title='bbox 1297 2971 1358 3053; x_wconf 90' lang='grc' dir='ltr'><strong>Α.)</strong></span> 
     </span>
     <span class='ocr_line' id='line_1_31' title="bbox 314 3051 1360 3152; baseline 0.006 -38"><span class='ocrx_word' id='word_1_278' title='bbox 314 3052 433 3116; x_wconf 91' lang='lat' dir='ltr'><strong>Verum</strong></span> <span class='ocrx_word' id='word_1_279' title='bbox 448 3052 551 3117; x_wconf 91' lang='lat' dir='ltr'>dehis</span> <span class='ocrx_word' id='word_1_280' title='bbox 566 3054 714 3152; x_wconf 89' lang='lat' dir='ltr'>sepulcris</span> <span class='ocrx_word' id='word_1_281' title='bbox 730 3080 785 3121; x_wconf 90' lang='lat' dir='ltr'><strong>seu</strong></span> <span class='ocrx_word' id='word_1_282' title='bbox 805 3056 934 3122; x_wconf 89' lang='lat' dir='ltr'>tumulis</span> <span class='ocrx_word' id='word_1_283' title='bbox 951 3056 1110 3143; x_wconf 82' lang='lat' dir='ltr'><strong>disputata</strong></span> <span class='ocrx_word' id='word_1_284' title='bbox 1123 3056 1165 3120; x_wconf 85' lang='lat' dir='ltr'><strong>ad</strong></span> <span class='ocrx_word' id='word_1_285' title='bbox 1180 3051 1360 3120; x_wconf 86' lang='lat' dir='ltr'>Homerum</span> 
     </span>
     <span class='ocr_line' id='line_1_32' title="bbox 237 3137 1361 3229; baseline 0.005 -29"><span class='ocrx_word' id='word_1_286' title='bbox 237 3203 241 3212; x_wconf 62' lang='grc'>,</span> <span class='ocrx_word' id='word_1_287' title='bbox 313 3137 391 3216; x_wconf 92' lang='lat' dir='ltr'>nihil</span> <span class='ocrx_word' id='word_1_288' title='bbox 404 3138 535 3218; x_wconf 83' lang='lat' dir='ltr'><strong>faciunt,</strong></span> <span class='ocrx_word' id='word_1_289' title='bbox 551 3140 610 3203; x_wconf 86' lang='lat' dir='ltr'>nisr</span> <span class='ocrx_word' id='word_1_290' title='bbox 623 3143 712 3227; x_wconf 92' lang='lat' dir='ltr'><strong>quod</strong></span> <span class='ocrx_word' id='word_1_291' title='bbox 725 3142 860 3207; x_wconf 90' lang='lat' dir='ltr'>Achillis</span> <span class='ocrx_word' id='word_1_292' title='bbox 877 3155 908 3206; x_wconf 92' lang='lat' dir='ltr'><strong>et</strong></span> <span class='ocrx_word' id='word_1_293' title='bbox 924 3141 1060 3206; x_wconf 89' lang='lat' dir='ltr'><strong>Patrocli</strong></span> <span class='ocrx_word' id='word_1_294' title='bbox 1079 3141 1256 3229; x_wconf 88' lang='lat' dir='ltr'>sepulcrum</span> <span class='ocrx_word' id='word_1_295' title='bbox 1276 3165 1361 3206; x_wconf 91' lang='lat' dir='ltr'>oom-</span> 
     </span>
     <span class='ocr_line' id='line_1_33' title="bbox 314 3227 1360 3316; baseline 0.007 -29"><span class='ocrx_word' id='word_1_296' title='bbox 314 3247 409 3288; x_wconf 90' lang='lat' dir='ltr'>mune</span> <span class='ocrx_word' id='word_1_297' title='bbox 430 3237 623 3289; x_wconf 84' lang='lat' dir='ltr'><strong>memoratur</strong></span> <span class='ocrx_word' id='word_1_298' title='bbox 647 3227 688 3292; x_wconf 86' lang='lat' dir='ltr'><strong>ab</strong></span> <span class='ocrx_word' id='word_1_299' title='bbox 709 3228 778 3316; x_wconf 91' lang='lat' dir='ltr'>ipso</span> <span class='ocrx_word' id='word_1_300' title='bbox 799 3228 924 3293; x_wconf 90' lang='lat' dir='ltr'>Achille</span> <span class='ocrx_word' id='word_1_301' title='bbox 941 3234 977 3292; x_wconf 82' lang='grc' dir='ltr'><strong>Ψ.</strong></span> <span class='ocrx_word' id='word_1_302' title='bbox 994 3231 1067 3294; x_wconf 72' lang='grc'><strong>946.</strong></span> <span class='ocrx_word' id='word_1_303' title='bbox 1089 3241 1121 3292; x_wconf 91' lang='lat' dir='ltr'><strong>et</strong></span> <span class='ocrx_word' id='word_1_304' title='bbox 1139 3227 1172 3292; x_wconf 93' lang='lat' dir='ltr'><strong>in</strong></span> <span class='ocrx_word' id='word_1_305' title='bbox 1190 3227 1298 3292; x_wconf 78' lang='lat' dir='ltr'>inferis</span> <span class='ocrx_word' id='word_1_306' title='bbox 1319 3229 1360 3294; x_wconf 89' lang='lat' dir='ltr'><strong>ab</strong></span> 
     </span>
     <span class='ocr_line' id='line_1_34' title="bbox 317 3309 1360 3403; baseline 0.005 -29"><span class='ocrx_word' id='word_1_307' title='bbox 317 3313 554 3396; x_wconf 80' lang='lat' dir='ltr'>Agamemnone</span> <span class='ocrx_word' id='word_1_308' title='bbox 576 3309 637 3378; x_wconf 87' lang='lat' dir='ltr'><strong>Od.</strong></span> <span class='ocrx_word' id='word_1_309' title='bbox 653 3317 693 3377; x_wconf 86' lang='grc' dir='ltr'><strong>Ω.</strong></span> <span class='ocrx_word' id='word_1_310' title='bbox 710 3317 753 3380; x_wconf 76' lang='lat'><strong>43</strong></span> <span class='ocrx_word' id='word_1_311' title='bbox 772 3339 816 3402; x_wconf 92' lang='lat' dir='ltr'><strong>sq.</strong></span> <span class='ocrx_word' id='word_1_312' title='bbox 863 3314 954 3379; x_wconf 82' lang='lat' dir='ltr'><strong>Infra</strong></span> <span class='ocrx_word' id='word_1_313' title='bbox 976 3315 1105 3403; x_wconf 88' lang='lat' dir='ltr'>Sigeum</span> <span class='ocrx_word' id='word_1_314' title='bbox 1126 3327 1158 3378; x_wconf 91' lang='lat' dir='ltr'><strong>et</strong></span> <span class='ocrx_word' id='word_1_315' title='bbox 1179 3314 1360 3379; x_wconf 88' lang='lat' dir='ltr'>Achilleum</span> 
     </span>
     <span class='ocr_line' id='line_1_35' title="bbox 336 3395 1360 3486; baseline 0.006 -26"><span class='ocrx_word' id='word_1_316' title='bbox 336 3395 425 3485; x_wconf 84' lang='lat' dir='ltr'>lagae</span> <span class='ocrx_word' id='word_1_317' title='bbox 444 3397 582 3478; x_wconf 86' lang='lat' dir='ltr'><strong>littorali,</strong></span> <span class='ocrx_word' id='word_1_318' title='bbox 598 3398 631 3462; x_wconf 90' lang='lat' dir='ltr'><strong>in</strong></span> <span class='ocrx_word' id='word_1_319' title='bbox 650 3423 714 3486; x_wconf 85' lang='lat' dir='ltr'><strong>qua</strong></span> <span class='ocrx_word' id='word_1_320' title='bbox 731 3403 764 3466; x_wconf 80' lang='grc' dir='ltr'><strong>τὸ</strong></span> <span class='ocrx_word' id='word_1_321' title='bbox 778 3403 899 3486; x_wconf 78' lang='grc' dir='ltr'>Ἀχαιὸν</span> <span class='ocrx_word' id='word_1_322' title='bbox 912 3400 999 3467; x_wconf 91' lang='lat' dir='ltr'>locus</span> <span class='ocrx_word' id='word_1_323' title='bbox 1016 3415 1094 3481; x_wconf 79' lang='lat' dir='ltr'><strong>erat,</strong></span> <span class='ocrx_word' id='word_1_324' title='bbox 1110 3425 1149 3466; x_wconf 87' lang='lat' dir='ltr'>ex</span> <span class='ocrx_word' id='word_1_325' title='bbox 1163 3402 1294 3466; x_wconf 85' lang='lat' dir='ltr'>adverso</span> <span class='ocrx_word' id='word_1_326' title='bbox 1313 3414 1360 3466; x_wconf 88' lang='lat' dir='ltr'>est</span> 
     </span>
    </p>

    <p class='ocr_par' dir='ltr' id='par_1_7' title="bbox 314 3483 1360 3749">
     <span class='ocr_line' id='line_1_36' title="bbox 347 3483 1359 3576; baseline 0.013 -31"><span class='ocrx_word' id='word_1_327' title='bbox 347 3484 456 3546; x_wconf 77' lang='lat' dir='ltr'><strong>caedua</strong></span> <span class='ocrx_word' id='word_1_328' title='bbox 477 3483 591 3564; x_wconf 80' lang='lat' dir='ltr'><strong>insula,¹</strong></span> <span class='ocrx_word' id='word_1_329' title='bbox 608 3485 771 3551; x_wconf 81' lang='lat' dir='ltr'><strong>intervallo</strong></span> <span class='ocrx_word' id='word_1_330' title='bbox 794 3487 862 3553; x_wconf 91' lang='lat' dir='ltr'><strong>XL</strong></span> <span class='ocrx_word' id='word_1_331' title='bbox 883 3489 1055 3554; x_wconf 87' lang='lat' dir='ltr'><strong>stadiorum</strong></span> <span class='ocrx_word' id='word_1_332' title='bbox 1072 3512 1092 3553; x_wconf 85' lang='lat' dir='ltr'><strong>a</strong></span> <span class='ocrx_word' id='word_1_333' title='bbox 1112 3488 1216 3553; x_wconf 90' lang='lat' dir='ltr'><strong>littore</strong></span> <span class='ocrx_word' id='word_1_334' title='bbox 1233 3489 1278 3576; x_wconf 91' lang='lat' dir='ltr'><strong>(p.</strong></span> <span class='ocrx_word' id='word_1_335' title='bbox 1294 3491 1359 3558; x_wconf 87' lang='lat'><strong>900</strong></span> 
     </span>
     <span class='ocr_line' id='line_1_37' title="bbox 314 3568 1360 3663; baseline 0.011 -33"><span class='ocrx_word' id='word_1_336' title='bbox 314 3568 370 3652; x_wconf 90' lang='lat' dir='ltr'><strong>B.)</strong></span> <span class='ocrx_word' id='word_1_337' title='bbox 417 3568 451 3632; x_wconf 88' lang='lat' dir='ltr'><strong>Si</strong></span> <span class='ocrx_word' id='word_1_338' title='bbox 469 3571 510 3634; x_wconf 84' lang='lat' dir='ltr'><strong>ab</strong></span> <span class='ocrx_word' id='word_1_339' title='bbox 530 3572 661 3636; x_wconf 84' lang='lat' dir='ltr'>Achaeo</span> <span class='ocrx_word' id='word_1_340' title='bbox 677 3572 719 3636; x_wconf 86' lang='lat' dir='ltr'><strong>ad</strong></span> <span class='ocrx_word' id='word_1_341' title='bbox 733 3573 960 3640; x_wconf 83' lang='lat' dir='ltr'><strong>Alexandriam</strong></span> <span class='ocrx_word' id='word_1_342' title='bbox 980 3574 1360 3663; x_wconf 53' lang='lat' dir='ltr'>Troademfprocedebas,</span> 
     </span>
     <span class='ocr_line' id='line_1_38' title="bbox 315 3652 1153 3749; baseline 0.013 -33"><span class='ocrx_word' id='word_1_343' title='bbox 315 3652 391 3717; x_wconf 89' lang='lat' dir='ltr'>sitae</span> <span class='ocrx_word' id='word_1_344' title='bbox 406 3668 495 3720; x_wconf 87' lang='lat' dir='ltr'><strong>erant</strong></span> <span class='ocrx_word' id='word_1_345' title='bbox 509 3657 648 3737; x_wconf 77' lang='lat' dir='ltr'>Larissa,</span> <span class='ocrx_word' id='word_1_346' title='bbox 658 3660 808 3740; x_wconf 76' lang='lat' dir='ltr'>Celenae,</span> <span class='ocrx_word' id='word_1_347' title='bbox 825 3662 870 3725; x_wconf 87' lang='lat' dir='ltr'><strong>Ch</strong></span> <span class='ocrx_word' id='word_1_348' title='bbox 905 3683 942 3726; x_wconf 82' lang='lat' dir='ltr'>sa</span> <span class='ocrx_word' id='word_1_349' title='bbox 959 3662 1004 3749; x_wconf 90' lang='lat' dir='ltr'><strong>(p</strong></span> <span class='ocrx_word' id='word_1_350' title='bbox 1017 3665 1079 3732; x_wconf 91' lang='grc'><strong>901</strong></span> <span class='ocrx_word' id='word_1_351' title='bbox 1092 3665 1153 3748; x_wconf 91' lang='lat' dir='ltr'><strong>A.)</strong></span> 
     </span>
    </p>

    <p class='ocr_par' dir='ltr' id='par_1_8' title="bbox 313 3684 1361 4359">
     <span class='ocr_line' id='line_1_39' title="bbox 358 3684 1361 3842; baseline 0.013 -40"><span class='ocrx_word' id='word_1_352' title='bbox 358 3739 416 3803; x_wconf 92' lang='lat' dir='ltr'><strong>Ad</strong></span> <span class='ocrx_word' id='word_1_353' title='bbox 436 3744 600 3842; x_wconf 69' lang='lat' dir='ltr'><strong>recentiore</strong></span> <span class='ocrx_word' id='word_1_354' title='bbox 620 3743 647 3842; x_wconf 76' lang='lat' dir='ltr'>si</span> <span class='ocrx_word' id='word_1_355' title='bbox 667 3767 842 3833; x_wconf 83' lang='lat' dir='ltr'>pergerem,</span> <span class='ocrx_word' id='word_1_356' title='bbox 865 3684 965 3814; x_wconf 60' lang='lat' dir='ltr'>:hena</span> <span class='ocrx_word' id='word_1_357' title='bbox 982 3749 1161 3836; x_wconf 83' lang='lat' dir='ltr'><strong>apartibus</strong></span> <span class='ocrx_word' id='word_1_358' title='bbox 1181 3749 1247 3813; x_wconf 89' lang='lat' dir='ltr'><strong>inte</strong></span> <span class='ocrx_word' id='word_1_359' title='bbox 1285 3748 1361 3814; x_wconf 85' lang='lat' dir='ltr'>retis</span> 
     </span>
     <span class='ocr_line' id='line_1_40' title="bbox 315 3828 1361 3926; baseline 0.011 -36"><span class='ocrx_word' id='word_1_360' title='bbox 315 3828 479 3926; x_wconf 70' lang='lat' dir='ltr'><strong>Homerrcr</strong></span> <span class='ocrx_word' id='word_1_361' title='bbox 502 3851 646 3894; x_wconf 87' lang='lat' dir='ltr'><strong>carmnns</strong></span> <span class='ocrx_word' id='word_1_362' title='bbox 670 3855 813 3919; x_wconf 81' lang='lat' dir='ltr'>agerem3</span> <span class='ocrx_word' id='word_1_363' title='bbox 838 3847 870 3899; x_wconf 91' lang='lat' dir='ltr'><strong>et</strong></span> <span class='ocrx_word' id='word_1_364' title='bbox 894 3835 1031 3923; x_wconf 86' lang='lat' dir='ltr'><strong>petenda</strong></span> <span class='ocrx_word' id='word_1_365' title='bbox 1055 3859 1092 3900; x_wconf 87' lang='lat' dir='ltr'><strong>ea</strong></span> <span class='ocrx_word' id='word_1_366' title='bbox 1115 3847 1188 3901; x_wconf 90' lang='lat' dir='ltr'>sunt</span> <span class='ocrx_word' id='word_1_367' title='bbox 1210 3859 1250 3900; x_wconf 85' lang='lat' dir='ltr'>ex</span> <span class='ocrx_word' id='word_1_368' title='bbox 1286 3835 1361 3902; x_wconf 82' lang='lat' dir='ltr'><strong>&#39;bris</strong></span> 
     </span>
     <span class='ocr_line' id='line_1_41' title="bbox 313 3914 1360 4013; baseline 0.01 -36"><span class='ocrx_word' id='word_1_369' title='bbox 313 3935 467 4013; x_wconf 85' lang='lat' dir='ltr'><strong>prmcrpro</strong></span> <span class='ocrx_word' id='word_1_370' title='bbox 491 3914 588 4002; x_wconf 87' lang='lat' dir='ltr'>hujus</span> <span class='ocrx_word' id='word_1_371' title='bbox 613 3917 777 3986; x_wconf 87' lang='lat' dir='ltr'>Excursus</span> <span class='ocrx_word' id='word_1_372' title='bbox 802 3922 1067 3998; x_wconf 82' lang='lat' dir='ltr'><strong>commemoratis3</strong></span> <span class='ocrx_word' id='word_1_373' title='bbox 1092 3922 1209 4010; x_wconf 84' lang='lat' dir='ltr'><strong>refugit</strong></span> <span class='ocrx_word' id='word_1_374' title='bbox 1231 3945 1360 4009; x_wconf 92' lang='lat' dir='ltr'>quoque</span> 
     </span>
     <span class='ocr_line' id='line_1_42' title="bbox 314 4002 1359 4074; baseline 0.01 -10"><span class='ocrx_word' id='word_1_375' title='bbox 314 4023 438 4065; x_wconf 75' lang='lat' dir='ltr'>animus</span> <span class='ocrx_word' id='word_1_376' title='bbox 460 4013 507 4067; x_wconf 90' lang='lat' dir='ltr'><strong>tot</strong></span> <span class='ocrx_word' id='word_1_377' title='bbox 528 4002 760 4072; x_wconf 77' lang='lat' dir='ltr'><strong>ariolatiohibus</strong></span> <span class='ocrx_word' id='word_1_378' title='bbox 780 4019 813 4073; x_wconf 90' lang='lat' dir='ltr'><strong>et</strong></span> <span class='ocrx_word' id='word_1_379' title='bbox 834 4008 1023 4074; x_wconf 88' lang='lat' dir='ltr'>dissensibus</span> <span class='ocrx_word' id='word_1_380' title='bbox 1038 4009 1176 4074; x_wconf 90' lang='lat' dir='ltr'><strong>virorum</strong></span> <span class='ocrx_word' id='word_1_381' title='bbox 1193 4010 1359 4073; x_wconf 90' lang='lat' dir='ltr'><strong>doctorum</strong></span> 
     </span>
     <span class='ocr_line' id='line_1_43' title="bbox 313 4085 1358 4182; baseline 0.01 -32"><span class='ocrx_word' id='word_1_382' title='bbox 313 4085 415 4152; x_wconf 90' lang='lat' dir='ltr'>fessus</span> <span class='ocrx_word' id='word_1_383' title='bbox 433 4112 453 4153; x_wconf 88' lang='lat' dir='ltr'><strong>a</strong></span> <span class='ocrx_word' id='word_1_384' title='bbox 475 4088 530 4153; x_wconf 85' lang='lat' dir='ltr'><strong>tali</strong></span> <span class='ocrx_word' id='word_1_385' title='bbox 550 4089 694 4168; x_wconf 91' lang='lat' dir='ltr'>consilio;</span> <span class='ocrx_word' id='word_1_386' title='bbox 718 4093 859 4182; x_wconf 91' lang='lat' dir='ltr'>inprimis</span> <span class='ocrx_word' id='word_1_387' title='bbox 881 4118 953 4160; x_wconf 92' lang='lat' dir='ltr'><strong>cum</strong></span> <span class='ocrx_word' id='word_1_388' title='bbox 975 4120 1014 4160; x_wconf 85' lang='lat' dir='ltr'>ex</span> <span class='ocrx_word' id='word_1_389' title='bbox 1037 4096 1197 4160; x_wconf 88' lang='lat' dir='ltr'>subtiliore</span> <span class='ocrx_word' id='word_1_390' title='bbox 1217 4094 1358 4182; x_wconf 82' lang='lat' dir='ltr'>disputa-</span> 
     </span>
     <span class='ocr_line' id='line_1_44' title="bbox 314 4172 1358 4274; baseline 0.01 -39"><span class='ocrx_word' id='word_1_391' title='bbox 314 4172 399 4238; x_wconf 91' lang='lat' dir='ltr'>tione</span> <span class='ocrx_word' id='word_1_392' title='bbox 413 4197 477 4241; x_wconf 92' lang='lat' dir='ltr'><strong>non</strong></span> <span class='ocrx_word' id='word_1_393' title='bbox 488 4188 615 4274; x_wconf 74' lang='lat' dir='ltr'><strong>tantum</strong></span> <span class='ocrx_word' id='word_1_394' title='bbox 631 4178 754 4245; x_wconf 84' lang='lat' dir='ltr'><strong>fructus</strong></span> <span class='ocrx_word' id='word_1_395' title='bbox 768 4181 810 4249; x_wconf 84' lang='lat' dir='ltr'><strong>ad</strong></span> <span class='ocrx_word' id='word_1_396' title='bbox 823 4189 948 4268; x_wconf 83' lang='lat' dir='ltr'><strong>poetam</strong></span> <span class='ocrx_word' id='word_1_397' title='bbox 966 4194 1128 4270; x_wconf 84' lang='lat' dir='ltr'>expectem</span> <span class='ocrx_word' id='word_1_398' title='bbox 1148 4205 1243 4260; x_wconf 86' lang='lat' dir='ltr'>nunc,</span> <span class='ocrx_word' id='word_1_399' title='bbox 1259 4203 1358 4269; x_wconf 84' lang='lat' dir='ltr'><strong>quan·</strong></span> 
     </span>
     <span class='ocr_line' id='line_1_45' title="bbox 316 4262 1358 4359; baseline 0.011 -34"><span class='ocrx_word' id='word_1_400' title='bbox 316 4271 383 4326; x_wconf 90' lang='lat' dir='ltr'><strong>tum</strong></span> <span class='ocrx_word' id='word_1_401' title='bbox 399 4262 439 4328; x_wconf 84' lang='lat' dir='ltr'><strong>ab</strong></span> <span class='ocrx_word' id='word_1_402' title='bbox 453 4262 542 4332; x_wconf 90' lang='lat' dir='ltr'><strong>imtio</strong></span> <span class='ocrx_word' id='word_1_403' title='bbox 560 4279 805 4356; x_wconf 81' lang='lat' dir='ltr'><strong>expectaveram,</strong></span> <span class='ocrx_word' id='word_1_404' title='bbox 821 4281 853 4332; x_wconf 90' lang='lat' dir='ltr'><strong>et</strong></span> <span class='ocrx_word' id='word_1_405' title='bbox 871 4283 1024 4358; x_wconf 89' lang='lat' dir='ltr'><strong>quantum</strong></span> <span class='ocrx_word' id='word_1_406' title='bbox 1046 4295 1086 4336; x_wconf 85' lang='lat' dir='ltr'>ex</span> <span class='ocrx_word' id='word_1_407' title='bbox 1097 4305 1099 4312; x_wconf 56' lang='lat'>&gt;</span> <span class='ocrx_word' id='word_1_408' title='bbox 1104 4267 1294 4359; x_wconf 85' lang='lat' dir='ltr'>generaliore</span> <span class='ocrx_word' id='word_1_409' title='bbox 1313 4266 1358 4336; x_wconf 81' lang='lat' dir='ltr'><strong>lo-</strong></span> 
     </span>
    </p>
   </div>
   <div class='ocr_carea' id='block_1_6' title="bbox 0 0 1518 5056">
    <p class='ocr_par' dir='ltr' id='par_1_9' title="bbox 0 0 1518 5056">
     <span class='ocr_line' id='line_1_46' title="bbox 0 0 1518 5056; baseline 0 0"><span class='ocrx_word' id='word_1_410' title='bbox 0 0 1518 5056; x_wconf 95' lang='lat' dir='ltr'><strong> </strong></span> 
     </span>
    </p>
   </div>
  </div>
 </body>
</html>
