2998 5052
497 341 566 408 AD
589 328 737 410 ILIAD.
760 345 800 410 u.
859 287 863 296 ·
1109 347 1174 422 Μ

130 523 199 582 tum
219 509 347 596 uotiuis
367 513 574 580 recentiorum
588 527 728 586 aetatum
742 512 783 582 de
796 513 922 605 populis
934 516 1076 584 barbaris
1088 530 1120 584 et
1133 521 1176 590 ab

127 599 270 670 humano
283 598 373 668 cultu
385 599 503 681 menis,
517 601 637 680 curiose
651 625 885 691 comparamus;
908 623 1081 672 sermonem
1095 607 1175 672 anti-¹

129 683 354 786 quissimorum
382 687 546 754 homiuum
569 690 665 778 juvat
695 709 890 778 cognoscere,
918 691 1176 780 quandoquidem

129 772 313 861 linguarum
336 773 471 862 origines
491 775 572 841 inter
595 776 700 842 studia
719 790 825 842 nostra
845 799 929 842 nunc
948 777 1122 860 referimus,
1143 791 1176 846 et

127 861 366 948 grammaticam
391 861 596 928 universalem
624 881 697 930 cum
724 861 928 944 litteraturae,
956 866 1177 951 mammaticae

129 971 166 1014 ac
180 947 307 1014 criticae
321 947 427 1014 studio
439 949 668 1039 conjungimus.
711 951 775 1017 Per
788 951 866 1016 baec
876 949 947 1040 ipsa
959 950 1042 1018 anim
1056 971 1095 1018 eo
1108 965 1176 1020 tan-

128 1033 203 1100 dem
228 1049 416 1122 perventum
439 1047 497 1116 est,
519 1050 556 1103 ut
578 1059 598 1102 a
619 1037 787 1104 verborum
805 1036 890 1103 tricis
910 1061 948 1106 ac
966 1037 1110 1104 formulis
1128 1062 1176 1104 sa-

128 1121 266 1208 pientiae
285 1145 389 1190 sacrae
409 1145 446 1188 ac
467 1125 616 1210 profanae
637 1122 742 1190 studia
755 1123 797 1190 ad
811 1123 968 1192 utiliorem
987 1147 1106 1205 rerum,

128 1207 291 1295 pulcrum,
307 1223 499 1298 naturaeque
513 1210 721 1300 cognitionem
734 1233 883 1278 conversa
901 1209 981 1288 sint3
1005 1211 1050 1276 ita
1068 1149 1177 1281 nappe

128 1318 259 1383 quoque
281 1296 415 1364 Homeri
436 1297 575 1363 studium
598 1297 740 1364 subnasci
761 1297 876 1385 potuit.
919 1299 989 1364 Neo
1002 1311 1107 1366 tamen
1120 1323 1177 1386 po-

129 1382 241 1450 stulari
265 1396 380 1472 potest,
404 1397 441 1453 ut
464 1385 682 1473 unusquisque
699 1382 905 1452 adniiratione
924 1407 962 1450 ac
977 1385 1101 1472 judicio
1118 1409 1177 1452 suo

128 1471 375 1557 comprehendat
395 1471 510 1550 omnia,
525 1471 654 1559 quaein
668 1470 806 1538 carmine
823 1469 981 1558 praeclara
999 1483 1093 1547 sunt;
1115 1471 1176 1540 hoc

128 1555 213 1620 enim
255 1557 306 1622 lus
328 1557 424 1623 studii
438 1571 470 1623 et
483 1558 538 1623 otii
552 1557 701 1646 postulat,
717 1580 813 1645 quam
828 1557 916 1656 quod
928 1557 951 1622 ii
965 1580 1104 1646 quoque,
1120 1559 1176 1646 qui

127 1641 191 1710 libe
249 1644 311 1710 bus
337 1644 450 1710 litteris
477 1645 558 1712 bene
585 1644 699 1710 imbuti
728 1656 813 1724 sunt,
839 1643 1020 1732 impendere
1045 1644 1173 1734 possinti

129 1729 213 1798 Satis
227 1745 286 1811 est,
300 1731 403 1820 pulcii
417 1755 453 1798 ac
471 1731 538 1796 veri
559 1731 718 1798 notionem
738 1729 855 1796 habere
871 1751 908 1798 ac
927 1753 1053 1798 sensum
1067 1730 1112 1796 ita
1128 1731 1176 1796 in-

126 1815 311 1974 ffamatum,
335 1840 375 1884 ne
396 1818 438 1884 ad
459 1817 582 1906 potiora
602 1831 635 1884 et
655 1816 859 1884 eminentiora
877 1817 1030 1888 caecutiat
1048 1831 1104 1884 aut
1122 1818 1176 1886 he·

169 1989 391 2077 Antiquomm
422 1989 587 2056 hominum
638 1989 797 2078 rimaeque
825 1989 908 2056 vitae
936 1991 1176 2059 adumbratione

126 2099 275 2166 magnam
300 2077 482 2165 voluptatis,
501 2078 593 2166 cujus
615 2013 758 2144 imorum
784 2077 956 2146 Homerica
979 2077 1175 2166 impertiunt,

126 2177 251 2251 partem
273 2163 424 2230 contineri
446 2163 522 2228 dixi.
569 2163 663 2228 Cedit
684 2187 722 2228 ea
736 2163 770 2228 in
790 2163 918 2230 laudem
936 2164 1035 2252 ipsius
1052 2177 1175 2254 poetae,

13 2279 16 2286 ·
125 2263 257 2338 propter
271 2251 522 2350 veritatemque
535 2273 585 2318 res
598 2250 746 2338 antiquae
760 2251 900 2316 sensibus
911 2251 1025 2316 nostris
1035 2251 1177 2317 redditae
1268 2311 1271 2314 ,

126 2349 222 2415 suum
244 2349 405 2425 ceteroqui
426 2361 481 2402 eae
501 2337 622 2404 animos
635 2350 757 2404 nostros
776 2349 883 2404 tenent
896 2359 954 2424 per
968 2361 1019 2412 se;
1040 2336 1073 2401 id
1087 2337 1176 2424 quod

125 2424 398 2512 peregrinatorum
418 2447 475 2524 per
495 2424 701 2492 barbarorum
717 2435 814 2488 terras
828 2420 1004 2490 narratione
1016 2423 1111 2488 ¹etium
1126 2444 1175 2488 re·

125 2511 313 2590 crudorum,
327 2534 516 2600 experimur.
559 2511 614 2576 Ex
628 2533 694 2597 quo
707 2509 815 2597 itaque
827 2508 869 2574 ad
882 2508 960 2576 haee
973 2509 1093 2578 attendi
1104 2533 1175 2578 coc-

92 2586 95 2614 ¹
125 2612 221 2697 ptum
245 2611 304 2678 eat,
330 2598 471 2666 studium
496 2596 631 2664 Homeri
652 2597 823 2664 subuatum
845 2596 903 2674 e'st,
925 2596 1015 2684 quod
1035 2595 1175 2684 cujusvis

126 2684 258 2773 mgenui
271 2683 406 2752 bortrinis
419 2683 485 2750 otio
498 2683 631 2772 dignum
645 2683 754 2760 haberi
767 2695 878 2771 potest.

135 2821 138 2829 .
169 2771 258 2840 Alia·
270 2770 340 2840 laus
358 2770 486 2840 accessit
508 2773 652 2838 Homero
672 2793 712 2836 ex
733 2769 802 2857 ipso
822 2781 1020 2858 argumento,
1038 2769 1117 2870 quia
1134 2793 1175 2838 eii

125 2858 201 2929 belli
216 2859 346 2946 Trojani
368 2857 486 2926 eventis
506 2857 639 2927 ductum
661 2867 718 2936 est,
733 2858 826 2944 cujus
843 2857 928 2922 fama
941 2855 975 2920 in
988 2856 1175 2943 antiquitate

126 2945 190 3010 fuit
204 2945 453 3025 celebratissima,
468 2945 565 3033 idque
579 2943 708 3011 merito:
732 2966 806 3010 uani
820 2965 860 3008 ex
874 2967 913 3006 eo
927 2941 1027 3010 omnia
1040 2942 1176 3010 melioria
1223 3011 1228 3017 ,

127 3033 213 3103 vitae
226 3032 332 3106 cultus
344 3031 516 3121 primordia
536 3031 617 3098 inter
632 3029 783 3095 Hellenas
802 3029 900 3094 ducta
920 3051 986 3096 ease
1004 3028 1174 3096 credeban-

127 3132 193 3189 mr·
236 3120 381 3188 Prlmum
404 3120 464 3186 hoc
488 3117 551 3186 fuit
573 3131 708 3204 tempus,
727 3139 793 3202 quo
813 3115 963 3182 distracta
981 3138 1038 3202 per
1061 3114 1173 3194 tribus,

127 3220 240 3296 gentes
259 3217 301 3275 ac'
317 3206 449 3276 familias
471 3203 636 3274 Hellenica
657 3203 750 3290 stirps
763 3201 976 3299 incommune
992 3201 1076 3279 coiit,
1091 3223 1175 3266 oom-

127 3293 245 3364 mercia
261 3293 371 3382 junxit
395 3306 429 3362 et
449 3292 561 3380 populi
579 3289 738 3358 notionem
758 3309 832 3358 vere
852 3288 1010 3375 explevit;
1033 3297 1097 3354 tum
1114 3289 1176 3370 p'rr'-

128 3405 214 3446 mum
236 3382 369 3449 Graecia
389 3381 469 3448 iares
495 3377 705 3461 Contenploto
723 3396 814 3442 runa.-
838 3385 902 3440 tum
926 3395 1036 3457 apcraa
1057 3389 1095 3440 cc
1114 3375 1176 3440 dis-

127 3469 314 3538 roim-milei
330 3467 367 3532 In
389 3485 495 3550 corpur
515 3466 689 3550 cultumque
704 3464 765 3530 coit
783 3471 813 3528 et
831 3483 905 3548 rege
918 3463 973 3526 aab
986 3483 1046 3528 uno
1060 3461 1176 3544 Dimo-

127 3557 190 3621 rito
213 3565 269 3634 eat,
291 3554 388 3620 verba
407 3565 481 3618 sunt
504 3551 595 3620 Statii
616 3549 733 3618 Aehill.
756 3550 787 3628 1,
803 3547 868 3618 456
887 3571 932 3634 sq.
977 3546 1058 3646 Belli
1073 3547 1176 3646 'hujus

126 3640 279 3711 memoria
292 3665 328 3708 ae
341 3641 427 3710 fama
439 3639 508 3727 jam
522 3651 594 3708 aute
608 3649 770 3708 auctorem
781 3635 835 3704 Od
855 3654 943 3704 sicce
958 3646 1027 3700 'auti
1049 3656 1175 3702 urorum

126 3732 224 3796 ἀοιδῶν
245 3727 435 3806 carminibus
460 3739 528 3793 erat
551 3723 723 3798 celebrata;
747 3744 820 3790 nom
834 3657 967 3820 lllysses
985 3743 1028 3788 au
1051 3721 1095 3788 're
1111 3743 1176 3788 me-

126 3827 270 3885 moratur
295 3814 383 3916 apud
407 3813 579 3884 Alcinoum
603 3811 691 3874 duilli
715 3832 765 3876 res
793 3809 949 3906 Tropauas
977 3818 1175 3881 narrantem

127 3914 165 3968 nt
191 3902 364 3970 satisvhmc
386 3912 503 3988 pateat,
530 3901 709 3964 Homerum
734 3918 797 3962 noir
821 3895 918 3960 finsae
940 3893 1077 3981 primum
1096 3892 1176 3958 -belli

129 3988 264 4080 Trojaui
279 3991 377 4067 ἀοιδὸν,
392 4011 465 4052 cum
482 3986 550 4074 ipse
570 3983 647 4052 alios
667 3996 740 4050 ante
761 4005 794 4048 se
815 3993 967 4048 memoret
984 3981 1094 4050 eadem
1110 3990 1177 4046 ten«

127 4087 287 4251 iasllleupcr
315 4183 444 4250 quoque
473 4158 610 4227 Troadis
636 4155 800 4228 adeundae
829 4169 862 4222 et
890 4151 1193 4250 cum·Home1··icis⁴

127 4250 356 4339 comparandae
377 4248 518 4316 studium
538 4257 685 4312 exortum
703 4257 762 4323 eit,
777 4241 918 4312 nondum
932 4251 1006 4308 satis
1017 4237 1176 4306 subtiliter

127 4336 334 4408 constitutum
356 4333 473 4406 notitiis
495 4348 527 4400 et
546 4330 788 4419 consiliaquae
805 4351 856 4412 res
869 4325 1017 4416 postulat.
1058 4327 1176 4418 *Neque
