2998 5052
501 369 568 435 An
591 353 740 437 mmo.
764 373 803 434 o.
1110 369 1173 439 era

125 535 292 617 invenisse,
308 538 400 625 cujus
421 561 478 606 nec
499 539 597 607 simile
618 541 747 630 aliquid,
763 554 819 609 aut
839 540 967 606 omnino
988 539 1066 606 nihil
1087 555 1173 608 exta-

124 635 191 698 ret;
216 622 279 688 alia
290 623 467 692 inveniendi
480 627 611 694 felicitas
624 641 681 708 est,
697 629 723 693 si
737 629 769 694 in
783 628 827 693 rei
841 627 892 692 vel
905 625 992 707 faeti,
1006 629 1093 715 quod
1108 629 1171 694 ‘am

126 721 226 789 extat,
256 712 538 812 caussaslatentss
566 715 744 804 inquiritur.
799 717 874 814 «Iam
902 714 1099 814 ingenium'
1126 715 1172 780 ud

126 881 217 947 nobis
240 822 402 982 irom'eitii
422 801 1171 961 Hgfflleliincbmmuiuriilbaseseadilcbsseldilddrii

126 971 225 1044 ἀοιδοῖς
239 969 300 1034 1llis
320 971 467 1072 antiquis,
490 973 546 1060 qui
567 973 650 1038 idem
671 973 788 1054 rerum,
811 975 1002 1062 mythorum,
1022 974 1170 1060 phantas-

126 1067 260 1135 matum,
276 1056 361 1135 artis,
376 1072 470 1138 vitae,
490 1060 668 1147 exemplum
691 1061 801 1125 sninris
824 1060 888 1125 suis
908 1061 1091 1148 impressum
1114 1060 1170 1124 ha

124 1139 271 1238 buerant,
286 1143 458 1231 eodemque
473 1169 612 1210 sermone
626 1146 766 1234 antiquo,
782 1169 958 1225 numeroso,
973 1147 1081 1210 eadem
1096 1169 1169 1210 cum
1256 1173 1263 1186 ·

125 1227 333 1315 simplicitate,
349 1230 513 1310 suavitate,
528 1233 596 1320 pari
614 1233 724 1299 habitu
743 1245 774 1298 et
788 1245 901 1298 ornatu
915 1229 1064 1319 mythico,
1080 1232 1170 1318 istius

124 1313 262 1401 exempli
285 1327 434 1403 tanquam
459 1317 625 1418 imaginem
648 1319 681 1384 in
706 1318 823 1398 tabula,
847 1317 982 1382 carmine
1003 1317 1170 1382 redln'bue-

124 1413 205 1464 rant
253 1401 286 1466 Si
308 1403 499 1490 antiquiores
518 1429 587 1492 Jam
610 1417 809 1494 perspectum
833 1404 982 1482 habuere,
1007 1417 1041 1468 et
1064 1403 1169 1490 palam

124 1487 257 1572 professi
280 1497 364 1567 sunt,
383 1512 446 1554 non
469 1491 510 1556 ab
533 1491 643 1556 eodem
665 1506 768 1579 poeta,
784 1489 840 1579 qui
862 1489 994 1555 Iliadem
1015 1488 1166 1568 condidit,

126 1573 302 1672 Odysseam
315 1575 468 1664 proficisci
481 1577 636 1664 potuisse:
659 1577 782 1678 quidni,
797 1577 823 1642 si
834 1573 1037 1727 1probabilitas
1057 1575 1103 1639 ita
1123 1575 1168 1639 fe-

123 1670 184 1738 rat,
208 1683 292 1747 ipsas
317 1684 444 1749 quoque
467 1677 572 1750 partes
593 1687 765 1729 rarmmum
790 1686 811 1728 a

125 1744 282 1832 profectas
295 1771 361 1812 esse
377 1749 526 1836 suspicari
541 1749 649 1815 liceat!

169 1834 283 1898 Restat
304 1857 388 1898 nunc
432 1836 567 1901 uaestio:
590 1837 696 1921 quibas
717 1835 896 1918 temporibus
914 1834 1021 1922 plures
1041 1833 1170 1922 rhapso-

124 1916 193 1982 dias
214 1919 248 1982 in
269 1919 329 1986 hoc
352 1921 389 1984 1·
435 1920 460 1986 's
476 1945 591 2010 corpus
604 1921 753 1988 coaluisse
766 1919 928 2009 probabile
943 1920 1004 1984 sit?
1026 1922 1169 2007 Expres-

124 2026 192 2070 ssm
205 2004 405 2072 historiarum
419 2007 514 2072 fidem
528 2031 585 2074 nos
599 2008 729 2074 deficere
741 2009 809 2094 jam
822 2007 942 2071 dictum
957 2017 1015 2086 est,
1029 2019 1170 2071 omnem·

125 2113 190 2177 que
211 2114 278 2156 rem
299 2093 340 2157 ad
355 2093 521 2244 probabile
538 2094 695 2183 judicium
716 2093 884 2158 deductam
905 2115 970 2157 esse
989 2116 1028 2157 ex
1050 2105 1169 2179 tempo-

124 2200 341 2278 rum,·rerum,
379 2180 582 2279 ominumque
603 2180 785 2257 rationibus,
800 2179 1030 2244 accommodate
1043 2179 1085 2242 ad
1102 2178 1170 2265 ipsa

126 2285 328 2452 6111111111.111.ο
325 2280 444 2419 1111111111θ
443 2267 654 2442 1dihilndysseae
675 2353 927 2452 memorationem
948 2353 981 2418 in
1004 2351 1170 2419 Herodoto

126 2450 236 2502 extare
249 2439 386 2505 vrdrmus
400 2463 495 2529 supra
511 2443 590 2506 Sect.
607 2442 635 2505 1.
658 2444 747 2506 Ante
760 2440 845 2505 hunc
858 2453 965 2526 itaque
978 2441 1092 2504 factam
1101 2439 1182 2525 jam.

126 2524 366 2612 rhapsodiarum
391 2549 573 2614 compagem
598 2549 664 2592 esse
688 2549 810 2592 necesse
830 2537 886 2590 est.
931 2525 989 2590 Ad
1009 2523 1100 2590 valde
1123 2546 1172 2588 re-

124 2623 212 2676 mota
226 2622 367 2711 tempora
380 2626 484 2678 tamen
498 2614 613 2679 referre
633 2612 829 2702 ingeniosum
849 2612 1013 2677 inventum
1034 2611 1121 2675 haud
1135 2609 1171 2674 li-

126 2711 188 2777 cet,
205 2721 353 2784 quomam
367 2699 523 2766 culturam
538 2713 570 2765 et
583 2712 683 2765 artem
703 2697 783 2764 illud
803 2697 920 2787 prodit,
935 2722 1018 2786 quae
1037 2698 1070 2762 in
1092 2710 1170 2762 tem-

126 2791 206 2872 pora
227 2784 360 2850 obscura
380 2797 412 2850 et
433 2786 517 2852 omni
538 2786 713 2851 litterarum
727 2785 797 2851 luce
811 2785 962 2851 destituta
975 2797 1047 2849 ante
1062 2783 1172 2872 Olym-

126 2870 237 2958 piades
258 2871 368 2936 cadere
389 2872 477 2937 haud
500 2871 612 2960 potuit.
659 2874 740 2936 Sane
761 2870 889 2958 quidem
911 2870 943 2949 ii,
982 2871 1014 2935 ui
1037 2869 1170 2934 Homeri

126 2969 261 3022 aetatem
275 2957 317 3022 ad
331 2957 545 3045 antiquissima
558 2972 621 3024 tem
664 2981 700 3022 ra
715 2959 866 3035 referunt,
882 2893 982 3020 simull
997 2980 1036 3020 ue
1057 2955 1098 3020 ab
1119 2978 1171 3019 eo-

127 3044 201 3108 dem
217 3042 349 3108 Iliadem
363 3067 436 3108 cum
451 3044 625 3132 Odysseae
654 3045 795 3109 boratam
815 3043 955 3120 tradunt,
971 2981 1011 3107 de
1025 3039 1171 3130 probabi-

126 3129 214 3195 litate
239 3129 385 3194 historica
405 3147 518 3217 parum
541 3129 673 3209 solliciti,
690 3131 723 3194 in
745 3130 826 3194 hanc
847 3129 1059 3217 quaestionem
1083 3125 1171 3191 haud

82 3234 85 3239 ·
126 3215 333 3289 descendent3
357 3229 390 3280 at
411 3217 495 3281 enim
516 3239 573 3282 nos
592 3239 630 3282 ea
650 3215 839 3304 quaerimus,
855 3237 936 3314 quae
958 3237 1030 3279 cum
1052 3227 1176 3300 tempo·

128 3325 201 3366 rum
224 3301 450 3394 bominumque
473 3303 611 3390 cujusvis
635 3302 745 3368 aetatis
770 3301 942 3368 rationrbus
963 3299 1178 3377 consentiunt,

128 3411 186 3453 nec
200 3402 308 3476 aperte
321 3388 359 3454 iis
372 3401 559 3477 repugnant
1177 3393 1180 3398 '

174 3477 252 3540 Duo
274 3488 348 3540 sunt
370 3487 521 3563 tempora,
544 3475 576 3540 in
597 3475 713 3564 quibus
735 3475 908 3540 carminum
921 3472 1173 3538 ·Homericorum
1196 3488 1198 3492 ’

103 3627 105 3634 ,
130 3561 248 3626 diserta
268 3561 374 3650 aliqua
393 3562 431 3627 fit
451 3561 585 3635 meatim
610 3553 744 3626 alterum
765 3574 812 3625 est
833 3574 917 3625 aetas
937 3560 1084 3646 Lycurgi,
1098 3557 1174 3622 alte-

130 3658 203 3714 rum
217 3661 302 3717 aetas
317 3649 486 3728 Pisistrati,
491 3649 631 3729 filioram
645 3646 788 3732 ejusdem,
803 3657 833 3710 et
849 3647 976 3710 Sobria.

175 3737 222 3800 Et
237 3735 376 3820 Lycurgi
389 3733 518 3822 quidem
532 3746 627 3812 aetas,
642 3755 683 3798 ex
704 3733 837 3821 probato
857 3753 1010 3796 annorum
1025 3753 1093 3795 com
1118 3743 1174 3794 uto

131 3820 220 3887 haud
241 3820 378 3885 multum
398 3819 501 3885 abfuit
521 3821 561 3884 ab
583 3842 630 3898 ea,
644 3842 710 3907 qua
729 3821 891 3886 Homerus
907 3817 1020 3884 vixisse
1039 3829 1069 3882 tr
1109 3815 1175 3880 itur

131 3920 253 3982 aetam
277 3907 331 3971 vix
353 3905 446 3971 unius
467 3911 563 3989 γενεᾶς
584 3904 757 3970 intervallo.
803 3906 954 3993 Lycurgo
973 3903 1056 3968 enim
1075 3921 1175 3964 annus

132 4007 205 4059 ante
220 3995 260 4057 C.
276 3991 317 4056 N.
334 3997 409 4071 884,
424 4003 497 4057 ante
511 3991 732 4080 Olympiadem
776 3990 887 4059 rimam
902 3993 974 4056 108.
990 3987 1176 4076 assignatur,

133 4081 190 4170 qui
218 4078 306 4143 haud
335 4079 471 4144 multum
496 4079 537 4142 ab
563 4101 590 4141 a.
618 4079 704 4162 907,
767 4099 873 4141 omero
901 4073 1050 4162 assignari
1075 4071 1176 4149 solito,

133 4169 230 4232 abest.
276 4167 327 4230 Ea
341 4180 444 4230 tamen
462 4187 543 4250 quae
561 4187 581 4227 a
599 4163 764 4228 semoribus
785 4175 952 4226 narrantur
973 4161 1013 4224 de
1034 4158 1180 4223 universa

136 4251 270 4338 Homeri
293 4251 378 4339 poesi
400 4251 434 4316 in
457 4249 621 4316 Graeciam
642 4272 660 4312 a
681 4251 711 4314 L
733 4271 832 4336 curgo
844 4247 947 4324 allata,
962 4261 994 4312 et
1015 4269 1054 4309 ex
1076 4265 1183 4308 exem--

132 4339 226 4432 plari,
242 4335 330 4426 quod
345 4337 431 4426 apud
446 4335 662 4426 Creophylum
679 4274 733 4400 vel
750 4336 818 4422 ejus
835 4346 973 4422 posteros
988 4331 1180 4424 servabatur,

656 4443 676 4485 r

858 1661 963 1728 'versis
987 1661 1168 1727 auctoribus
