3026 5056
303 369 325 436 6
658 370 910 434 EXCURSUS
938 369 1006 432 111.

348 542 381 606 αί
397 570 428 607 κε
446 542 523 607 nihil
546 543 633 609 aliud
654 556 701 608 est
720 565 815 642 quam
835 539 860 604 εί
876 567 918 617 κε,
935 552 966 604 et
986 541 1045 604 hoc
1062 539 1146 603 idem
1161 533 1248 625 quod
1264 536 1287 599 εί
1305 533 1349 632 ἀν,
1449 615 1451 620 ,

304 628 390 694 uude
404 630 524 698 factum
536 631 593 694 ἐάν.
640 633 708 694 Cur
727 653 760 693 m
780 627 957 708 Homericis
978 626 1073 692 modo
1087 631 1117 689 αἰ
1131 624 1227 688 modo
1241 627 1264 686 εἰ
1279 643 1352 686 scn-

304 731 395 804 ptum
415 730 569 797 occurrat,
588 740 681 781 nemo
700 715 822 780 dixerit.
868 717 916 778 At
937 713 962 778 si
982 740 1027 778 κεν
1041 711 1091 777 vel
1106 709 1139 775 ἀν
1154 709 1350 798 adjungitur,

302 803 477 868 communis
497 827 574 869 usus
590 817 623 869 et
641 803 790 868 sermonis
811 801 890 866 ratio
908 799 1067 887 postulare
1081 798 1217 876 videtur,
1233 809 1270 862 ut
1283 797 1351 860 cub-

293 887 452 974 juncticttc
469 904 627 978 sequatur.
653 883 657 895 ’
673 893 720 956 Et
736 903 784 954 est
802 909 874 953 sane
894 886 920 950 is
937 887 1084 975 proprius
1107 882 1240 950 Homeri
1263 905 1350 960 usuS,

301 976 391 1064 isque
406 977 558 1042 sexcentis
570 977 646 1043 locis
659 978 818 1049 firmatum
835 988 873 1040 ut
886 974 941 1038 inf.
952 975 1017 1038 138
1029 973 1062 1038 αί
1074 972 1106 1036 κέ
1119 974 1178 1036 ποθι
1192 971 1260 1044 Ζεὺς
1274 969 1350 1034 δῶσι.

304 1065 376 1131 307.
393 1066 466 1128 408.
483 1067 548 1128 430
564 1067 617 1129 dte.
641 1077 672 1128 et
688 1063 714 1126 εί
725 1091 768 1142 κε,
785 1075 822 1126 ut
841 1067 877 1125 K.
894 1064 959 1125 453
975 1066 997 1122 εί
1017 1060 1045 1123 ὀέ
1065 1061 1090 1123 κ’
1111 1063 1176 1145 ἐμῇς
1195 1059 1246 1122 ύπό
1265 1056 1350 1142 χερσί

302 1151 398 1230 δαμείς
412 1151 466 1214 ἀπό
482 1153 562 1231 θνμόν
578 1150 707 1237 ὀλέσσῃς.
721 1155 758 1213 Λ.
770 1151 843 1220 391.
861 1153 898 1212 Ν.
912 1151 985 1218 379.
997 1149 1033 1215 Ξ.
1046 1145 1119 1212 368.
1136 1153 1177 1208 Π.
1190 1147 1264 1214 439.
1277 1145 1351 1208 500.

252 1244 254 1247 ’
303 1237 377 1300 860.
395 1238 423 1299 1.
441 1242 471 1298 Ρ.
489 1240 539 1307 39.
556 1239 607 1301 30.
623 1239 675 1308 39.
692 1240 744 1302 40.
760 1238 812 1306 91.
838 1241 879 1320 Φ.
894 1237 959 1300 553
973 1247 1006 1298 et
1020 1234 1061 1298 ul.
1077 1233 1171 1297 etiam
1193 1232 1220 1294 ei
1237 1257 1298 1317 step¹
1310 1256 1351 1294 κε.

304 1322 360 1386 inf.
373 1327 411 1386 A.
427 1325 499 1386 580.
524 1322 550 1386 εί
560 1351 611 1410 περ
625 1325 685 1410 γάρ
701 1327 726 1386 κ’
742 1323 903 1410 ἐθέλησι-.

341 1410 428 1473 ,Sunt
451 1408 519 1473 loca
543 1408 614 1486 alie,
636 1411 669 1474 in
691 1410 809 1496 quibus
830 1409 936 1482 videas
959 1408 1128 1491 optativum
1152 1429 1217 1469 esse
1240 1403 1353 1491 adjun-

301 1507 405 1559 ctum:
432 1495 483 1558 Sic
497 1500 533 1558 A.
550 1498 611 1565 791
628 1497 670 1570 τίς
690 1499 711 1558 δ’
728 1497 774 1560 οόδ’
794 1496 820 1560 εί
837 1496 882 1560 κέν
901 1502 925 1560 οἶ
943 1496 993 1557 σὺν
1011 1492 1116 1576 δαίμονι
1140 1492 1220 1572 θομόν
1242 1494 1351 1576 ὀρίναις.

202 1651 205 1656 ,
301 1581 406 1668 Atqui
422 1586 461 1645 Ο.
473 1585 537 1646 403
551 1583 606 1646 ubi
621 1583 703 1646 idem
719 1582 785 1645 fere
796 1605 904 1646 versus
919 1579 1045 1666 legitur,
1061 1591 1108 1642 est
1122 1576 1148 1641 εί
1161 1603 1205 1642 κεν
1221 1583 1244 1642 οί
1259 1577 1348 1668 ὀρίνω.

302 1667 406 1755 potuit
421 1691 496 1755 ergo
511 1681 543 1732 et
556 1667 637 1732 illud
651 1691 718 1734 esse
733 1669 827 1755 ὀρίνῃς.
850 1673 888 1731 Χ.
906 1669 970 1730 330
985 1667 1037 1734 οὐδ’
1053 1663 1079 1728 εί
1091 1690 1136 1727 κεν
1150 1664 1235 1747 μύλα
1253 1667 1349 1728 πολλοὶ

301 1755 393 1818 ποίθοι.
417 1766 450 1817 at
464 1754 554 1818 codd.
571 1755 654 1842 πύθη.
692 1756 767 1818 Non
781 1753 882 1819 valiat
895 1753 988 1818 lectio
1001 1757 1037 1818 Τ.
1054 1753 1120 1818 333
1133 1752 1184 1814 οόδ’
1200 1749 1227 1813 εί
1239 1749 1285 1814 κέν
1299 1775 1351 1814 που

301 1839 443 1923 πυθοίμην,
458 1864 530 1904 cum
551 1855 655 1905 tamen
676 1841 738 1930 legi
752 1841 851 1929 possit
871 1842 1009 1922 πύθωμαι.
1032 1843 1069 1903 Β.
1084 1839 1148 1902 133
1163 1835 1236 1924 εἴπερ
1251 1836 1351 1921 γάρνό

302 1926 448 2003 ἐθέλοιμεν.
471 1951 628 2016 nusquam
644 1928 786 2013 ἐθέλωμεν.
810 1935 848 1993 Ζ.
865 1930 909 1996 50
923 1925 949 1990 εί
966 1952 1011 1992 κεν
1033 1925 1082 2009 ἐμὲ
1103 1923 1257 1990 πεπύθοιτο.
1279 1945 1353 1990 nus-

302 2037 398 2100 quam
413 2015 575 2093 πεπύθηται.
599 2020 641 2079 Η.
656 2017 722 2083 387
736 2014 771 2080 αί
782 2015 814 2080 κέ
828 2041 879 2103 περ
901 2007 971 2097 ύμμι
993 2010 1072 2096 φίλον
1093 2012 1141 2075 καί
1163 2011 1210 2088 iidie
1232 2009 1351 2094 γένοιτο,

302 2112 426 2187 poterat
447 2124 513 2166 esse
527 2101 653 2187 γένηται.
669 2107 709 2166 Χ.
730 2105 805 2182 344,
821 2105 851 2167 5.
868 2100 893 2166 εί
905 2127 951 2165 κεν
964 2097 1139 2185 φέρηται-ἤ
1157 2122 1203 2160 κεν
1225 2102 1268 2186 σῷ
1283 2096 1354 2184 ὀοορί
1382 2165 1386 2171 ,

293 2190 410 2269 δαμείη.
432 2208 590 2277 nusquam
613 2189 746 2271 δάμηται,
761 2212 854 2254 versu
873 2200 980 2254 autem
999 2188 1061 2252 351
1078 2184 1181 2252 verior
1199 2183 1292 2248 lectio
1306 2196 1353 2249 est

302 2275 397 2384 &de
413 2297 471 2362 pro
486 2275 588 2360 ἀνώγοι
604 2288 676 2363 post
690 2274 717 2338 εί
731 2303 777 2340 κεν
797 2277 945 2364 σχήσωσιν
966 2286 998 2338 et
1018 2272 1211 2358 ύπόσχωνται.
1232 2275 1272 2335 Ψ.
1288 2268 1353 2336 346

280 2375 282 2384 ·
303 2363 355 2424 οὐδ’
370 2387 393 2423 ει
409 2387 454 2424 κει
469 2362 590 2428 ἐλαύνοι.
614 2385 771 2452 nusquam
791 2363 901 2436 ἐλαύνη.
945 2358 1092 2426 Tandem
1114 2371 1188 2424 sunt
1209 2381 1300 2422 exem
1322 2356 1354 2422 lc

302 2446 335 2511 in
348 2447 465 2534 quibus
479 2450 680 2516 manifestum
694 2452 742 2531 fit,
758 2475 821 2516 non
836 2429 940 2515 minus
959 2446 1137 2536 optativum
1159 2468 1220 2510 usu
1240 2381 1353 2533 prodo

303 2545 371 2598 tum
385 2558 462 2614 esse,
478 2550 515 2602 ut
529 2537 561 2603 in
575 2537 630 2602 illo
645 2543 681 2600 E.
698 2537 907 2618 trumuini,
928 2535 954 2602 εί
971 2564 1003 2601 κε
1024 2535 1152 2620 τύχοιμι.
1175 2537 1215 2598 Ψ.
1231 2535 1304 2604 593.
1320 2534 1351 2597 3.

228 2691 231 2696 ,
303 2619 366 2684 Vix
380 2635 484 2688 mutes
498 2629 521 2688 εί
536 2626 587 2688 καί
605 2624 636 2688 νύ
655 2651 701 2688 κεν
721 2624 821 2688 οἴκοθεν
842 2624 915 2690 ὀίλλο
937 2628 1029 2708 μεῖζον
1050 2619 1245 2700 ὀιπαιτήσενας,
1261 2633 1293 2685 et
1307 2622 1352 2684 Ω.

303 2704 368 2775 687
381 2707 415 2770 ai
429 2712 455 2772 κ’
469 2711 659 2797 Ἀγαμέμνων
673 2711 750 2796 γνοίη
767 2739 811 2777 σε.

347 2796 497 2882 Superest
519 2797 611 2860 tertia
632 2797 712 2861 ratio
734 2798 767 2861 in
790 2794 978 2875 Homericis,
993 2809 1042 2874 ut,
1060 2819 1123 2860 nou
1145 2793 1240 2858 modo
1262 2795 1296 2871 εἰ,
1312 2790 1353 2856 de

302 2903 367 2968 quo
389 2905 453 2946 non
475 2881 663 2962 laboremus,
680 2884 735 2948 sed
749 2883 776 2948 εἴ
788 2910 845 2964 κεν,
861 2883 894 2948 αί
910 2909 955 2948 κεν
976 2905 1050 2947 cum
1062 2881 1173 2962 fitturo
1193 2875 1353 2944 indicativi

297 2969 472 3056 jungetur;
497 2971 541 3035 ita
555 2986 593 3035 ut
607 2971 667 3036 hoc
681 2971 785 3036 locum
797 2970 906 3038 coristi
921 2967 1113 3036 sub‘unctivi
1131 2967 1253 3032 habeat.
1300 2965 1352 3031 Sic

302 3061 340 3138 Β.
356 3059 400 3124 73
414 3059 481 3119 ἀλλ’
495 3056 589 3139 ἄγετ’,
609 3057 636 3120 εί
652 3057 698 3120 κέν
717 3085 774 3132 πως
794 3059 943 3142 θωρήξομεν
963 2995 1022 3131 νίας
1037 3060 1179 3142 Ἀχαιῶν.
1203 3056 1267 3118 358
1281 3051 1308 3117 εί
1323 3053 1350 3116 κ’

303 3140 343 3212 ἔτι
365 3143 392 3205 σ’
412 3141 581 3227 ἀφραίνοντα
603 3147 771 3228 κιχήσομαι.
794 3143 836 3206 ad
854 3165 950 3230 quem
968 3142 1073 3207 locum
1091 3140 1164 3204 vide
1183 3139 1274 3204 Obss.
1311 3143 1350 3204 Ο.

304 3229 367 3292 313
390 3227 423 3291 αί
442 3255 487 3292 κεν
509 3228 595 3292 Ἰλίου
617 3233 734 3305 αἰπεινῆς
755 3231 932 3312 πεφιδήσεται
955 3227 1010 3292 οὔτ’
1032 3227 1151 3306 ἐθελήσει
1172 3225 1304 3312 ἐκπέρσαι
1319 3240 1352 3290 et

303 3316 368 3384 397
382 3314 508 3396 στείομεν
523 3313 549 3378 εί
561 3342 592 3379 ue
607 3323 713 3401 πρῶτον
733 3317 860 3400 ἐρύξομεν
879 3316 1072 3390 ἀντιάσαντες.
1116 3315 1227 3381 Potest
1248 3309 1281 3378 in
1302 3302 1352 3376 his

303 3399 457 3516 supqlen:
481 3402 650 3482 videamus,
666 3423 714 3465 ονι.
762 3403 824 3466 Sed
843 3425 901 3467 nos
914 3401 1094 3489 quaerimus
1113 3400 1154 3465 de
1168 3423 1229 3465 usu
1243 3406 1291 3465 τοῦ
1306 3425 1351 3463 κεν

302 3499 334 3550 et
348 3511 381 3551 αν
394 3511 466 3552 cum
480 3487 658 3554 indicativo.
704 3492 750 3554 Et
764 3489 900 3554 occurrit
914 3490 974 3554 hoc
987 3488 1092 3576 ipsum
1113 3510 1188 3552 mox
1211 3486 1352 3573 subjecto

302 3573 503 3662 subjunctivo
518 3580 558 3640 Θ.
571 3579 636 3642 533
651 3575 761 3657 είσομαι
777 3576 810 3640 αί
822 3604 852 3640 κε
866 3578 897 3659 μ’
913 3582 926 3640 ὀ
940 3575 1068 3653 Τυδείδης
1086 3572 1291 3651 ἀπώσεται-ἤ
1305 3599 1351 3637 κεν

301 3661 536 3748 ἐγῶ-φέρωμαι,
548 3662 603 3727 ubi
618 3663 651 3727 in
666 3662 734 3727 aliis
750 3662 887 3751 φεροίμην.
912 3665 951 3729 Κ.
962 3665 1026 3733 449
1039 3666 1062 3726 εί
1076 3663 1127 3745 μὲν
1138 3662 1196 3749 γάρ
1211 3658 1243 3724 κέ
1258 3684 1291 3725 σε
1306 3666 1350 3724 νῦν

301 3747 477 3831 ἀπολύσομεν
491 3752 520 3828 ήέ
534 3751 668 3833 μεθῶμεν.
844 3784 847 3792 ’

344 3836 433 3899 Usus
454 3835 505 3900 hic
525 3836 628 3901 futuri
649 3837 810 3902 indicativi
831 3859 889 3924 pro
907 3836 1022 3902 aoristo
1041 3833 1232 3944 subjunctivi
1246 3833 1351 3898 obser·

300 3934 393 3985 vatur
408 3934 440 3986 et
453 3921 579 4004 inedie,
596 3937 633 3988 ut
650 3923 683 3988 in
704 3927 739 3998 ὠς
754 3923 798 4004 ἀν,
819 3947 848 3986 v.
864 3947 889 3988 c.
912 3929 953 3986 Π.
970 3925 1032 3992 371
1053 3928 1145 4007 ἀνερες
1165 3920 1241 4000 ἐστὲ,
1259 3923 1295 3995 ἀς
1315 3917 1351 3984 ἀν

298 4008 437 4158 Πὶγηῖλείόην
458 4011 621 4094 τιμήσομεν.
647 4016 687 4076 Ψ.
705 4013 771 4080 339
790 4013 826 4086 οίς
848 4007 882 4074 ἄν
903 4009 1151 4074 τοι-δοάσσεται.
1172 4007 1219 4070 ita
1239 4017 1275 4070 ut
1297 4006 1351 4070 tihi

300 4117 318 4158 ο
348 4106 446 4160 eatur.

343 4184 508 4249 Hactenus
530 4200 610 4249 esset
631 4183 807 4250 observatio
825 4196 949 4248 tontum
964 4168 1092 4246 factet'in
1102 4180 1222 4264 finnus
1234 4180 1352 4248 indica-t

301 4269 370 4332 ticio
384 4293 442 4356 pro
458 4273 571 4336 cotitto
585 4270 772 4357 suly'unctico
787 4269 894 4335 obviis.
940 4268 1112 4336 Enimvero
1125 4269 1161 4334 in
1173 4291 1266 4336 versu
1280 4267 1350 4336 Exn

299 4355 404 4422 cursui
420 4381 514 4445 supra
528 4355 685 4446 adscripto
705 4372 751 4423 est
772 4372 897 4445 tempus
916 4373 1078 4447 praesens:
1102 4356 1135 4421 αί
1146 4356 1192 4422 κέν
1205 4381 1262 4430 πως
1277 4350 1348 4434 βού-
