2998 5052
516 351 761 424 sussum..
782 355 811 426 1.
1123 359 1188 428 311

140 529 214 598 189.
260 527 323 593 Vix
337 551 418 618 opus
432 542 489 607 est,
505 541 542 594 ut
556 529 711 618 adjiciam,
727 531 836 598 eodem
856 531 951 596 modo
966 530 1135 620 particulas
1148 533 1187 597 fi-

140 613 389 696 nalesoonstrui,
405 615 460 681 ubi
482 616 611 682 effectus
633 619 676 682 rei
698 617 883 706 praeteritae
904 619 1008 683 adhuc
1029 617 1189 706 praesenti·

139 712 281 788 tempore¹
302 703 499 790 oonspicuus,
519 703 569 767 vel
586 703 698 769 futuro
715 704 943 792 exspectandus
964 718 1018 769 est.
1064 705 1182 770 0441.

139 787 213 855 359.
230 787 291 850 ἔνθα
305 789 333 850 δὲ
345 789 518 876 Τηλέμαχον
531 790 580 854 καί
595 790 731 869 βουκόλον
750 793 794 869 ήδὶ
815 791 943 870 συβώτην
964 790 1133 878 προῦπεμψ’,
1148 793 1185 866 οθς

138 869 173 935 ιθν
195 876 295 937 δεῖπνον
317 873 508 955 ἐφοπλίσσωσι
529 874 670 964 τάχιστα.
717 878 758 941 In
780 877 962 964 apparandis
982 876 1065 942 enim
1086 899 1185 942 coena

138 957 244 1024 adhuc
258 957 303 1024 illi
317 959 461 1048 oocupati
475 974 572 1026 eraut.
596 961 785 1027 Vide'etiam
799 985 878 1027 vers.
893 965 965 1035 479.

176 1046 284 1122 ιΡοττο
298 1068 394 1135 quem
409 1068 505 1135 supra
522 1047 555 1110 in
577 1044 745 1114 indicativo
758 1048 895 1114 vidimus
914 1071 1032 1114 morem
1047 1051 1187 1115 Graeco-

139 1153 223 1209 rum,
239 1133 407 1233 cogitatae
421 1132 588 1221 praeteuto
602 1146 743 1222 tempore
756 1135 789 1199 in
803 1159 949 1224 praesens
965 1134 1183 1214 transferendi,

137 1214 164 1282 is
179 1216 273 1282 etiam
287 1242 320 1283 m
333 1219 524 1307 oonjunctivi
538 1244 598 1284 usu
612 1219 781 1286 invenitur.
811 1221 872 1287 0d.
889 1230 931 1286 Π.
945 1221 1018 1289 368.
1035 1223 1183 1306 ἐμίμνομεν

137 1307 177 1383 ήὸο
191 1307 262 1385 δῖαν,
277 1304 450 1392 Τηλέμαχον
465 1303 629 1392 λοχόωντες,
645 1308 690 1371 ίνα
710 1308 845 1391 φθίσιομεν
860 1309 974 1384 ἑλόντες.
1018 1309 1057 1373 Il.
1074 1313 1112 1372 Ο.
1128 1311 1181 1371 22.

137 1389 170 1454 θν·
183 1391 210 1453 δὲ
226 1391 356 1476 λάβοιμι,
377 1394 529 1480 ῥίπτασκον
548 1393 676 1478 τεταγοθν
695 1397 748 1458 άπθ
768 1399 867 1476 βηλοῦ,
888 1395 944 1482 ὄφρ’
965 1393 997 1459 εθν
1016 1396 1183 1478 ἵκηται-χήν

137 1477 335 1561 ὀλιγηπελέων.
380 1477 436 1542 Ad
455 1479 515 1542 hoc
533 1501 633 1566 genus
654 1480 812 1568 pertinens
830 1481 897 1546 duo
915 1480 967 1546 alii
981 1480 1051 1559 loci,
1067 1477 1183 1543 similes

135 1560 181 1627 illi
196 1563 325 1651 quidem
346 1563 428 1629 inter
447 1587 489 1646 se,
511 1565 566 1629 sed
589 1578 693 1631 tamen
710 1567 943 1654 quodammodo
963 1565 1114 1655 oppositi:
1141 1565 1180 1630 11.

138 1649 175 1716 Ξ.
193 1648 265 1715 161.
282 1653 326 1730 ήδε
342 1652 369 1713 δέ
379 1657 408 1741 μί
423 1657 499 1715 κατὰ
513 1649 595 1764 θυμὸν
609 1653 709 1739 ἀρίστη
724 1653 833 1740 φαίνετο
851 1657 949 1734 βουλή,
966 1657 1049 1717 ἐλθεῖν
1063 1657 1099 1727 εἰς
1108 1649 1182 1728 Ἴδην

138 1735 167 1800 εὖ
191 1736 341 1800 ἐντύνασαν
365 1737 379 1800 θ
404 1741 499 1816 αὐτήν,
523 1763 545 1801 ει
566 1755 623 1813 ποις
646 1739 778 1824 ἱμείραιτο
800 1739 994 1828 παραδραθέειν
1016 1739 1142 1820 φιλότητι
1164 1736 1181 1824 ᾗ

138 1829 236 1908 χροιῇ,
251 1821 327 1908 τῷδ’
343 1821 422 1887 θτνον
436 1823 565 1905 ἀπήμονά
583 1850 615 1887 τε
634 1826 730 1910 λιαρόν
747 1851 779 1890 -τε
792 1827 865 1913 χεθῃ
884 1827 927 1888 ἐπί
948 1826 1129 1910 βλεφάροισιν
1145 1827 1182 1887 ίθὲ

136 1909 217 2006 φρεσί
241 1909 457 2007 πευκαλίμῃσιν,
482 1909 538 1974 ubi
563 1911 722 2009 optativus
747 1924 779 1980 et
799 1911 1017 2002 oonjunctivus
1041 1909 1184 1999 personis

135 1993 367 2082 dlstinguendis
387 1995 571 2075 luseruunt,
586 2008 631 2062 lta
644 1997 773 2084 quidem
792 2009 830 2061 ut
848 1998 932 2086 χεύῃ,
948 1997 1035 2084 quod
1045 1996 1185 2084 proprie

135 2093 184 2145 est
199 2102 241 2145 ανι
254 2083 371 2162 debeat,
386 2080 542 2170 adipsum
556 2083 717 2148 Junonem
731 2084 893 2150 referatur.
938 2083 1061 2148 Eadem
1078 2106 1184 2171 perso-
1254 2129 1259 2136 ·

137 2187 251 2233 narum
266 2161 434 2248 distinctiO,
450 2168 505 2233 sed
519 2169 642 2234 inversa
654 2169 785 2250 ratione,
800 2183 929 2236 et-recte
942 2169 1083 2258 quidem,
1098 2169 1184 2234 inve-

133 2253 222 2316 n'rtur
242 2260 283 2316 ΙΙ.
300 2252 376 2320 646.
396 2255 437 2319 de
454 2257 553 2319 Jove}
577 2257 625 2319 καί
647 2257 765 2339 φράζετο
789 2258 875 2342 θυμῷ,
898 2261 994 2320 πολλὰ
1015 2256 1086 2338 μάλ’
1109 2257 1181 2338 ἀμφί

137 2337 209 2426 φόνῳ
224 2337 396 2425 Πατρόκλου
414 2340 596 2429 μερμηρίζων,
613 2341 628 2420 ή
643 2343 688 2420 ήδη
710 2343 758 2405 καί
779 2347 864 2406 κεῖνον
883 2346 919 2406 ἐνὶ
944 2349 1062 2430 κρατερῇ
1082 2341 1182 2428 ὑσμίνη

137 2449 223 2489 αυτοιι
238 2452 271 2490 επ
293 2427 406 2513 αντιθθορ
417 2426 571 2514 Σαρπηδόνι
587 2426 714 2511 φαίδιμος
722 2427 838 2513 Ἕκτωρ
851 2433 960 2514 χαλκῷ
975 2427 1075 2515 θῃόοσῃ,
1088 2426 1144 2490 άπό
1154 2429 1181 2489 τ’

136 2509 219 2594 ι’θμων
236 2511 331 2598 τεόχε’
354 2511 462 2592 ἕληται,
482 2511 558 2590 ήέτι
582 2515 630 2577 καί
651 2512 811 2578 πλεόνεσσιν
826 2514 971 2592 -θφίλλειεν
991 2513 1068 2577 τόνον
1090 2512 1182 2577 αἰτόν.

135 2593 240 2662 Aliud
254 2597 435 2686 hujusmodi
449 2600 629 2689 exemplum
646 2611 749 2664 exstat
762 2604 800 2665 0.
816 2603 891 2670 595.
908 2623 947 2664 ss.
977 2601 1043 2664 ·Ex
1063 2599 1123 2662 hau
1143 2597 1182 2662 εὶ-

135 2683 335 2771 gnifiouione
356 2684 559 2773 explicandus
580 2686 797 2774 conjunctivus
819 2686 880 2751 0d.
897 2689 933 2754 Ξ.
949 2687 1023 2753 327.
1041 2688 1088 2754 τὸν
1110 2687 1131 2748 θ
1155 2687 1183 2760 ἐς

136 2770 270 2850 Δωθιθνην
284 2771 355 2856 φάτο
370 2773 500 2857 βήμεναιζ
517 2771 587 2859 όφρα
602 2775 667 2837 θεοῖο
686 2776 717 2837 ἐκ
740 2774 814 2860 δρυὸς
834 2773 977 2857 ὑψικόμοιο
994 2775 1060 2847 Διὸς
1078 2775 1181 2850 βοολῆν

136 2856 411 2937 θττακοθσαι,’όπποις
431 2859 549 2947 νοστήσῃ
564 2859 672 2936 Ἰθάκης
687 2863 713 2933 ἐς
730 2859 809 2923 πίονα
829 2862 918 2941 δῆμον.
964 2861 1058 2924 Certe
1072 2855 1186 2944 vulga·

127 2954 205 3005 vtum
220 2945 338 3031 νοστήσῃ
353 2956 491 3032 praestat
503 2969 551 3024 eo,
567 2944 655 3031 quod
669 2945 808 3010 Wolfius
824 2944 922 3024 dedit,
938 2945 1073 3022 νοστήσει.
1119 2939 1185 3007 Sed¹

136 3028 194 3093 ubi
207 3028 284 3094 haec
298 3043 494 3118 repetuntur,
509 3038 545 3095 T.
562 3029 635 3102 296.
650 3053 780 3119 prorsus
793 3032 833 3096 de
847 3051 934 3095 more
952 3030 1011 3094 scn'
1035 3042 1103 3093 tum
1122 3041 1184 3106 est,

135 3113 227 3190 όππας
241 3117 380 3195 νοστήσειε
395 3117 475 3200 φίλην
490 3122 516 3192 ἐς
529 3117 652 3205 πατρίδα
666 3123 764 3201 γαῖαν.
805 3117 929 3181 Eodem
942 3053 1037 3180 modg
1050 3115 1183 3179 fortasss
1235 3143 1240 3163 ι

135 3199 189 3266 alii
203 3223 331 3288 quoque
345 3202 546 3291 conjunctivi,
564 3215 600 3267 ut
616 3203 655 3266 Il.
674 3209 708 3266 Β.
724 3206 752 3268 4.
769 3203 895 3268 defendi
909 3213 1068 3290 poterunt.

141 3315 145 3323 ·
167 3287 328 3375 *Denique
342 3288 632 3354 oommemorandus
646 3301 694 3354 est
706 3290 733 3353 is
746 3288 935 3377 conjunctivi
950 3311 1037 3367 usus,
1052 3311 1117 3375 quo
1130 3287 1185 3352 hio

134 3372 249 3438 modus
263 3375 349 3462 apud
366 3376 544 3440 Homerum
559 3375 653 3440 etium
673 3375 757 3440 solus
780 3399 837 3464 per
856 3397 888 3439 se
907 3374 1008 3440 futuri
1030 3372 1184 3462 significa„

127 3459 253 3523 'tionem
267 3460 371 3524 habet
400 3461 463 3540 Qui
477 3485 553 3526 usus
567 3461 758 3526 derivandus
771 3475 818 3527 est
831 3484 871 3526 ex
886 3460 1109 3549 significatione
1122 3460 1184 3523 du-

135 3545 279 3624 bitativa,
295 3569 390 3646 quam
404 3547 437 3610 in
452 3547 651 3612 cou'unctivo
665 3571 731 3614 esse
745 3548 819 3613 satis
833 3560 962 3612 constat.
998 3541 1062 3611 Est
1075 3557 1182 3609 autem

135 3631 215 3696 haec
236 3631 419 3720 sigulficatio
440 3573 568 3720 θυρίον.
614 3635 698 3698 Nam
721 3648 777 3698 aut
802 3633 835 3697 in
859 3657 897 3696 eo
922 3632 1070 3710 cernitur,
1095 3631 1183 3718 quod

135 3717 297 3805 agendum
319 3719 369 3797 sit,
393 3743 489 3807 quam
514 3718 747 3784 deliberativam
770 3719 1024 3807 sig1uficstiouem
1045 3717 1183 3782 dixeris:

137 3827 238 3890 eaque
264 3806 436 3884 Homerus,
460 3805 577 3894 pariter
602 3829 638 3869 ac
663 3805 776 3890 caetui
799 3804 858 3870 scri
881 3819 974 3884 tores,
1000 3819 1124 3884 mptum
1148 3803 1181 3868 in

135 3889 244 3978 primu¹
262 3913 395 3977 persona
416 3893 480 3956 sive
502 3884 667 3978 singularis
688 3892 752 3956 sive
772 3829 906 3980 plurtffis'
924 3892 1046 3956 numeri
1068 3889 1181 3967 utitur,

136 3977 288 4063 cujus·rei
302 3977 454 4042 rationem
469 3977 530 4042 alio
543 3978 612 4042 loco
626 4002 646 4043 a
685 3977 754 4053 rui;
776 3991 832 4044 aut
847 3989 965 4078 spectat
978 3978 1019 4041 ad
1034 3976 1078 4054 id,
1095 3975 1183 4062 quod

137 4062 180 4126 sit
197 4063 247 4127 vel
266 4064 332 4142 fiat,
348 4087 444 4150 quam
465 4064 625 4154 conjectus
656 4088 704 4129 em
726 4065 877 4154 appella'n
897 4063 1012 4141 licebit,
1028 4085 1093 4149 qua
1113 4064 1185 4126 Ho-

136 4171 244 4212 merus
269 4148 302 4212 in
322 4151 469 4216 omnibus
492 4150 632 4238 personis
653 4151 767 4216 utiturr
809 4153 955 4236 Utraque
977 4171 1041 4212 non
1064 4147 1120 4212 ubi
1142 4171 1184 4213 ue

137 4234 283 4299 eamdem
302 4235 366 4298 vim
391 4237 495 4301 habet.
531 4238 624 4302 'Nam
647 4238 740 4301 utin
765 4235 911 4301 omnibus
931 4234 1048 4322 linguis
1070 4171 1183 4312 ιιιιθθιε,

138 4343 222 4416 quae
236 4335 396 4409 tamquam
411 4323 530 4394 incerta
543 4323 759 4474 proferuptur,¹
772 4323 817 4388 its
830 4321 895 4387 diei
906 4317 1017 4399 solent,
1029 4334 1065 4385 ut
1079 4319 1189 4408 potius

70 4437 77 4444 ·
633 4430 654 4472 x
