3008 5056
323 375 386 443 148
652 378 656 386 '
681 375 931 444 EXCURSUS
954 377 1004 442 11.

321 548 408 628 dore,
435 541 616 636 cupiditate,
647 547 759 614 scelere
787 549 861 615 abre
885 552 936 614 tus'
965 548 1169 614 commiserat.
1224 549 1291 615 Res
1320 557 1366 612 est

321 657 406 699 nunc
419 635 501 700 inter
515 635 667 722 vulgaria,
683 634 777 700 etiam
798 658 837 700 ex
859 573 947 701 libris
968 634 1061 699 sacris
1082 635 1247 702 declarata
1293 633 1366 698 Mo-

310 722 402 785 *nebo
416 733 539 785 tantum
554 723 651 786 verbo
665 722 705 786 de
719 721 845 787 notione
866 721 974 786 multis
995 721 1095 786 modis
1109 721 1236 787 variata.
1283 723 1367 785 Cum

320 807 422 894 primo
445 809 494 872 aa
517 808 567 871 vel
589 809 712 889 δαίμονες
725 807 776 872 vel
798 809 852 884 θεὸς
868 809 1024 885 universe,
1040 807 1155 889 δαίμων,
1170 811 1202 871 τὸ
1219 809 1297 885 θεῖον,
1312 806 1366 876 ali-

230 951 232 958 .
319 915 415 990 quem
429 893 589 981 impulisse
603 895 723 959 dictum
737 906 834 958 esset:
859 893 1004 960 successit
1022 907 1130 980 postea
1145 895 1275 972 Fatum,
1289 893 1368 958 fata-

319 978 357 1042 hs
371 979 477 1066 aliqua
495 981 670 1058 necessitas,
685 1003 767 1067 quae
781 980 823 1044 ad
836 980 1002 1068 flagitium,
1018 993 1049 1045 et
1062 1003 1120 1067 per
1133 979 1193 1056 hoo
1207 979 1247 1044 ad
1264 979 1368 1066 perni-

310 1064 410 1143 ciem,
425 1066 614 1140 adduceretr
637 1067 714 1131 haec
736 1079 783 1130 est
803 1073 818 1143 ἡ
837 1072 945 1153 Μοῖρα,
960 1079 1069 1152 postea
1091 1059 1248 1152 εἱμαρμένη.
1295 1067 1368 1130 Me-

318 1149 380 1215 lius
405 1152 479 1216 huic
506 1151 677 1218 substituta
700 1166 747 1218 est
770 1155 901 1238 Ἐριννὺς,
928 1175 1010 1239 quae
1037 1151 1145 1216 eadem
1168 1151 1369 1226 commissum

310 1236 419 1308 scelus
445 1237 612 1303 ulciscitur.
659 1237 906 1337 Comprehendit
932 1237 1027 1335 plura
1054 1238 1088 1303 in
1117 1261 1150 1302 se
1177 1237 1368 1305 vocabulum

311 1324 518 1474 Atesfflius
532 1348 608 1389 usus
621 1324 760 1475 wallum
774 1339 883 1412 postea
900 1323 977 1388 abrit
990 1324 1032 1388 ad
1046 1323 1204 1388 notionem
1226 1347 1368 1394 eommu-

488 1458 496 1486 9

318 1431 391 1472 nem
512 1411 629 1490 damni,
693 1410 836 1474 amitatis.
882 1409 1022 1497 Vestigia
1041 1409 1228 1507 ejusadhuc
1243 1411 1367 1481 suntin

309 1495 458 1570 ¹Pindaro
473 1497 568 1586 Pyth.
586 1498 657 1576 ΙΙΙ,
674 1501 716 1561 42
730 1497 771 1561 de
787 1495 944 1562 Coronide
959 1494 1142 1582 Apolhnem
1159 1495 1368 1584 posthabente

316 1582 456 1646 mortalis
470 1582 585 1648 amori:
610 1584 681 1668 ἔσχε
703 1583 834 1647 τοιαύταν
852 1581 984 1668 μεγάλαν
999 1583 1090 1646 ἀάταν
1104 1587 1183 1664 λῆμα
1201 1584 1363 1666 Κορωνίδος,

314 1667 446 1732 stolidae
468 1669 580 1734 mentis
601 1669 768 1748 vesaniam,
791 1682 823 1733 et
845 1669 886 1732 de
908 1667 1082 1733 calamitate
1105 1691 1144 1732 ex
1167 1667 1222 1730 tali
1243 1667 1366 1736 insania

317 1755 354 1817 P.
369 1756 419 1833 11,
436 1759 479 1821 52
492 1755 532 1819 de
548 1755 659 1819 Ixione
677 1755 777 1843 epulis
795 1755 927 1819 deorum
941 1753 1076 1821 admisso
1093 1767 1126 1818 et
1140 1756 1163 1817 J
1165 1755 1279 1818 uuonis
1298 1779 1365 1820 am-

314 1839 429 1924 plexus
451 1855 613 1928 captante:
638 1841 718 1906 ἄλλά
742 1867 779 1905 νιν
803 1840 881 1928 ὕβρις
903 1846 939 1914 εἰς
961 1840 1052 1904 αἰίιταν
1072 1840 1241 1927 ὑπεράφανον
1263 1838 1361 1924 ὦρσεν,

309 1927 369 1988 ·Ita
394 1928 524 2005 factum,
551 1940 588 1991 ut
611 1926 772 1992 interdum
793 1928 861 2014 ipsa
879 1924 982 2014 Ὕβρις
1004 1925 1169 1990 sustineret
1189 1941 1297 2012 partes
1317 1935 1365 2006 τῆς

308 2010 409 2092 Ἄτης,
425 2026 575 2100 tanquam
590 2037 699 2078 caussa
712 2015 848 2080 effectus.
893 2014 942 2078 At
958 2011 1087 2098 Tragici
1095 2035 1159 2104 pro
1172 2012 1231 2076 hac
1247 2015 1316 2078 Ate
1331 2014 1364 2080 iu

315 2120 438 2162 scenam
456 2099 672 2186 produxerant
687 2103 805 2166 Fatum
819 2122 924 2178 suum,
941 2098 1028 2185 quod
1047 2098 1200 2185 tragicum
1223 2100 1364 2186 appella

313 2205 402 2258 mus3
427 2186 518 2271 cujus
542 2186 667 2273 egregio
689 2187 731 2250 ad
753 2209 843 2251 casus
869 2185 1001 2272 tragicos
1021 2207 1084 2248 usu
1106 2183 1201 2250 semel
1221 2187 1364 2272 cognito,

312 2268 477 2335 indulsisse
492 2271 554 2346 sibi¹
564 2272 711 2338 ridentur
725 2272 883 2336 interdum
901 2271 1029 2338 licenter
1043 2271 1076 2334 in
1090 2271 1212 2336 casibus
1234 2272 1364 2359 tragicis

313 2357 474 2444 regendis:
498 2381 571 2422 cum
585 2359 687 2436 fatum
701 2359 761 2422 hoc
776 2382 805 2422 v.
821 2381 847 2421 c.
863 2357 905 2421 ad
919 2370 1017 2420 totam
1032 2356 1169 2456 aliquam
1183 2356 1317 2430 domum
1333 2372 1366 2426 et

309 2444 503 2508 ‘cumulanda
523 2446 556 2508 in
578 2468 625 2524 ea,
641 2458 678 2509 ut
691 2444 725 2508 in
739 2444 927 2509 Atridarum
947 2454 1011 2508 aut'
1022 2443 1094 2508 Lair
1115 2443 1210 2507 domo
1232 2444 1361 2524 scelera,

311 2530 503 2595 adhiberent.
549 2531 649 2594 Variis
674 2531 774 2594 modis
793 2529 914 2596 variata
936 2543 982 2594 est
1004 2529 1080 2594 haec
1102 2529 1196 2593 modo
1218 2530 1364 2618 Erinnys

308 2615 406 2678 modo
420 2618 517 2694 ἡθιὸς,
534 2619 651 2695 Poena,
668 2617 782 2695 δαίμων,
798 2639 879 2703 quae
900 2639 957 2702 per
979 2638 1102 2686 omnem
1125 2615 1254 2701 stirpem
1272 2641 1363 2703 gras-

307 2713 442 2765 saturet
456 2715 583 2800 patrum
599 2727 654 2766 seu
669 2703 823 2788 majorum
838 2701 1002 2770 commissa
1015 2700 1174 2766 ulciscitur
1195 2704 1364 2788 posterita

307 2786 349 2849 tis
364 2787 545 2852 calamatate.
591 2788 828 2854 Persuasionem
843 2787 883 2852 de
898 2787 952 2856 tali
966 2787 1057 2853 fatali
1072 2800 1249 2860 obcaecatae
1272 2813 1364 2854 men-

304 2871 349 2936 tis
371 2873 503 2937 stultitia
523 2874 689 2961 adoptarat
705 2874 906 2943 Herodotus:
931 2874 972 2938 de
993 2897 1058 2959 qua
1079 2874 1120 2938 ab
1137 2873 1205 2937 aliis
1224 2886 1273 2937 est
1293 2877 1365 2940 ani-

306 2960 517 3024 madversum.
565 2964 745 3026 Successere
771 2960 898 3024 tandem
924 2959 1070 3046 vulgares
1095 2959 1236 3034 notiones
1262 2963 1364 3045 θεομη.

304 3046 378 3125 νίας,
394 3049 502 3134 Τύχης,
519 3049 688 3113 Fortunae.
734 3049 873 3114 Innuere
887 3047 964 3113 haec
978 3044 1178 3134 pro·consilio
1191 3065 1264 3110 meo
1283 3049 1364 3114 satis

304 3145 383 3198 estc.
837 3157 842 3170 ·
1059 3173 1062 3178 ·

621 3257 932 3330 ἘΧΟΠΒΞΠΞ
969 3257 1021 3328 ΙΙ.
1121 3287 1124 3290 ·

306 3363 361 3434 De
384 3369 540 3456 digamma
565 3372 695 3454 placita,
720 3394 796 3457 qaae
821 3372 853 3436 in
877 3369 1016 3438 Homero
1038 3371 1197 3453 probanda
1223 3392 1288 3438 esse
1315 3375 1363 3440 vi-
1395 3441 1397 3446 ,

775 3461 889 3542 dentur.

554 3597 557 3602 ·
613 3565 649 3624 Τ.
667 3562 733 3626 384
746 3562 889 3646 netpllnd'
907 3559 933 3624 ἕο
949 3565 1043 3626 αὐτοῦ.

291 3687 303 3716 .·
349 3660 489 3725 Laborat
503 3661 594 3726 lectio
608 3664 738 3750 gemino·
749 3664 825 3728 vitio
844 3663 949 3727 hiatus
969 3677 1002 3727 et
1024 3659 1174 3748 digammi
1194 3659 1359 3747 ignorati;

300 3745 464 3832 antiquam
486 3748 650 3813 lectionem
671 3751 767 3814 fuisse
781 3751 888 3837 πειρήθη
904 3748 932 3810 δέ
949 3753 987 3812 fr’
1003 3751 1099 3824 αὐτοῦ,
1114 3746 1273 3833 inaperta
1287 3771 1360 3815 ease

301 3831 446 3896 arbitror.
492 3837 577 3898 Cum
598 3835 646 3899 dis
669 3837 839 3901 utationem
856 3836 896 3900 de
911 3833 1070 3932 digmnmo
1083 3832 1170 3897 libris
1183 3834 1358 3920 postrenus

301 3917 429 3983 dilatam
456 3921 620 3984 servarim:
645 3860 898 3986 descendendum
920 3921 1005 3984 mrhi.
1019 3919 1146 3984 tandem
1168 3943 1233 3984 esse
1257 3919 1357 3986 video

300 4004 341 4066 ad
354 4005 569 4092 quaestionem
583 4007 633 4088 vel
647 4006 753 4070 invito.
800 4002 1103 4072 Doctrinamtame'n
1124 4005 1166 4068 de
1187 4005 1356 4091 digammo

297 4106 443 4157 accurate
466 4092 599 4168 tradere,
614 4105 681 4171 aut,
697 4117 779 4180 quae
794 4093 834 4158 de
848 4117 885 4156 eo
896 4093 1019 4157 ⁴tradita
1033 4106 1065 4157 et
1078 4092 1239 4178 disputata
1261 4106 1355 4184 sunt,

295 4191 439 4263 repetere
461 4177 551 4257 velle,
566 4178 700 4266 alienum
723 4193 803 4244 esset
824 4202 844 4243 a
865 4179 991 4242 consilio
1005 4191 1038 4243 et
1051 4202 1085 4243 re
1099 4177 1133 4240 in
1147 4199 1211 4263 qua
1228 4199 1352 4244 versor.

300 4265 582 4329 Commemoranda
602 4265 679 4328 mihi
701 4279 775 4330 sunt
792 4275 842 4330 ea
854 4277 988 4342 tantum,
1005 4287 1087 4351 quae
1104 4262 1146 4328 ad
1165 4265 1354 4334 Homerum

293 4363 457 4437 =speetant3
480 4371 638 4440 apponam
657 4364 763 4416 tamen
777 4375 816 4415 ex
833 4351 882 4414 his
897 4374 1024 4436 quoque
1038 4371 1103 4415 non
1122 4347 1181 4414 nisi
1200 4373 1246 4427 ea,
1264 4373 1354 4436 quae
