2998 5052
469 332 537 398 AD
561 331 711 400 ILIAD.
733 337 774 399 st
1084 335 1150 412 249
1222 369 1226 380 v

120 523 176 586 non
197 499 325 590 liquere,
352 525 434 590 quae
458 501 684 572 dubitationem
708 504 837 585 habent,
860 503 960 570 videri
984 505 1062 574 milti
1082 529 1151 576 'erre

120 586 216 670 dubia,
235 588 385 678 ambigua
405 603 437 654 et
457 589 582 658 incerta.
627 593 680 658 De
702 593 844 658 Homero
863 591 972 692 itaque
992 592 1150 682 agendum

119 699 176 740 esse
189 675 362 746 statuebam
376 676 430 758 sic,
444 690 483 744 ut
495 700 559 744 non
573 677 615 748 ab
629 679 782 758 Homero,
797 677 852 746 aed
867 680 908 745 ab
922 679 970 759 ris,
985 703 1067 768 quae
1085 703 1151 746 ma

120 761 203 826 nibus
215 773 368 842 tenemus,
383 763 573 830 carminibus
591 763 716 830 initium
730 762 914 852 explorandi
932 780 1072 866 receptas
1081 767 1153 855 opi·

120 847 216 912 aiones
240 849 394 925 lacerem3
416 863 512 938 atque
536 851 577 916 ab
599 851 649 918 bis
672 851 714 916 ad
738 863 898 916 auctorem
921 853 1150 940 exqurrendum

137 957 170 998 ro
245 959 321 1000 erer.
427 977 432 989 =

117 957 138 1022 p
157 935 244 1086 liiidl
250 1011 357 1110 itaque
371 1045 496 1088 omnem
513 1047 571 1112 per
588 1023 708 1110 aliquot
721 1025 887 1090 Exornsus
900 1023 946 1089 ita
965 1025 1152 1096 distribuere

120 1107 267 1189 annontui,
284 1126 322 1174 ut
332 1110 431 1192 primo
447 1111 510 1176 loco
524 1133 572 1191 ea,
588 1133 670 1198 quae
683 1124 809 1176 narrata
828 1135 896 1190 seu,
920 1123 955 1176 ut
977 1135 1034 1178 nos
1052 1113 1153 1202 loqui-

120 1215 194 1284 mur,
209 1195 428 1276 historimfide
441 1198 557 1262 trudito
574 1209 654 1276 ruat,
670 1197 851 1284 conquiram
866 1211 1086 1287 quantumque
1099 1221 1154 1264 ou·

120 1280 262 1346 ctoritate
275 1280 313 1346 iis
330 1281 414 1361 insit,
428 1282 613 1360 edisseram
637 1296 706 1348 tum
727 1301 765 1350 ut
786 1286 823 1348 de
843 1283 953 1350 Iliadis
975 1295 1154 1372 argumento
1227 1285 1234 1306 “

118 1367 300 1450 apartibus,
315 1389 476 1456 eorumque
495 1392 640 1458 compage
653 1369 761 1458 paullo
781 1367 963 1456 diligentius
980 1395 1083 1460 agam,
1105 1371 1152 1436 in-

119 1453 266 1540 terpositis
281 1454 329 1536 iis,
345 1479 426 1544 quae
441 1458 479 1522 de
498 1458 655 1540 rhapsodia
673 1468 703 1522 et
721 1457 951 1540 rbapsodiomm
969 1459 1154 1524 recitationi-

118 1540 167 1604 bus
185 1555 357 1608 memorata
375 1555 468 1618 sunt;
492 1542 537 1609 ita
550 1541 677 1610 tandem
691 1565 738 1622 ea,
753 1565 836 1630 quae
850 1545 888 1608 de
901 1567 1005 1610 earnm
1018 1554 1152 1626 audere,

119 1625 257 1708 Homero,
272 1641 450 1712 narrantur,
465 1629 629 1694 excutiam.

145 1714 339 1802 'Antequam
362 1711 441 1782 haee
464 1739 645 1804 persequar,
672 1713 722 1780 vel
746 1716 843 1780 verbo
871 1717 1022 1782 monebo:
1051 1716 1154 1806 primo

118 1795 193 1880 loon,
206 1823 247 1866 ne
261 1801 333 1890 quis
346 1819 492 1868 vereatur
505 1815 561 1868 aut
575 1801 761 1890 suspiratur,
775 1801 887 1867 honori
901 1817 934 1868 et
945 1803 1032 1868 laudi
1046 1804 1155 1870 earmi-

118 1884 171 1966 nis,
192 1902 251 1954 aut
265 1903 382 1988 poetae
404 1888 582 1977 antiquitati
602 1913 639 1954 ao
660 1887 817 1976 dignitati,
838 1887 1154 1976 aliquiddetriactum

118 1969 163 2052 iri,
171 1991 283 2040 eontra
293 2000 368 2050 vero
382 1976 416 2042 id
430 1977 492 2064 agi,
508 1989 545 2041 ut
559 1975 687 2076 opinato
701 1990 758 2041 aut
770 1975 850 2041 falso
863 1975 981 2042 credita
994 1977 1035 2042 ab
1049 1975 1156 2065 explo-

118 2059 188 2126 ratis
201 2085 237 2128 ac
253 2063 334 2128 reris
342 2061 574 2143 discernantur,
589 2062 718 2152 istisque
735 2061 918 2150 improbatis
938 2062 1042 2129 locum
1062 2087 1156 2130 suum

118 2143 172 2209 sibi
190 2148 351 2216 vindicent
371 2149 449 2216 haee
469 2149 584 2224 altera3
608 2164 675 2214 tum
691 2172 777 2230 vero,
795 2172 979 2237 persuasum
1000 2149 1057 2214 sibi
1071 2149 1157 2238 quis-

137 2256 175 2297 ue
192 2234 320 2315 habeat,
335 2260 385 2300 me
406 2259 470 2303 non
491 2237 630 2302 refellere
651 2249 708 2302 aut
728 2235 848 2302 elevare
869 2235 949 2300 velle
969 2238 1156 2324 cujusquam

118 2254 240 2387 literius
255 2321 424 2410 judicium,
440 2323 495 2388 sed
514 2346 564 2388 me
583 2345 757 2412 proponere
775 2335 900 2388 tantum
921 2346 968 2402 ea,
983 2347 1076 2411 quae,
1091 2337 1158 2390 tru-

118 2404 179 2470 tina
203 2408 262 2474 diu
288 2432 446 2498 suspensa,
472 2409 634 2475 maturiori
655 2408 776 2496 judicio
800 2408 968 2508 probanda
991 2409 1069 2474 mibi
1092 2409 1159 2488 visa

118 2509 206 2572 sunt3
230 2517 292 2585 per
303 2519 353 2561 me
367 2518 451 2560 nunc
465 2495 557 2562 licere
570 2495 740 2583 unicuique
754 2507 787 2560 et
799 2493 859 2593 ipsi
868 2493 995 2646 judicio
1008 2495 1072 2559 frui
1087 2519 1157 2576 suo,

117 2600 171 2645 nec
184 2605 247 2661 me,
262 2606 336 2648 eum
348 2581 416 2671 ipse
430 2597 580 2671 expertus
594 2583 663 2662 sim,
674 2603 770 2669 quam
785 2580 876 2646 drffic'
890 2604 907 2644 e
922 2580 973 2660 sit,
989 2605 1093 2646 senem
1104 2605 1159 2654 ¹me

117 2665 274 2736 dediscere
288 2693 335 2768 ea,
350 2692 432 2758 quae
450 2693 531 2757 puer
542 2669 730 2748 didiceram,
747 2669 835 2752 (nam
856 2666 949 2732 etiam
971 2667 1048 2735 mibi
1069 2668 1165 2740 disci.

117 2753 343 2908 plnffiufflffis
357 2756 501 2822 exuenda
514 2755 591 2856 fuit)
607 2777 788 2844 quenquam
806 2754 840 2820 in
854 2755 1038 2820 sententiam
1057 2777 1159 2820 meam

116 2862 169 2926 per
242 2865 296 2908 ere
310 2842 400 2923 velle,
414 2842 516 2908 multo
536 2867 639 2908 murus
661 2865 733 2908 cum
748 2841 897 2940 quopiam
915 2840 949 2906 in
964 2841 1161 2932 disceptatio-

116 2947 185 2992 nem
199 2927 408 3004 descendero
432 2929 580 2996 obtestari
599 2943 704 2994 tamen
723 2950 774 2992 me
788 2950 871 2991 vuos
885 2927 993 2992 doctos
1006 2951 1064 3015 per
1077 2950 1160 2992 com-

116 3033 225 3080 munes
250 3013 382 3095 litteras,
405 3029 452 3096 ut,
475 3015 501 3082 si
521 3016 599 3082 haee
620 3015 718 3104 digna
738 3037 803 3079 esse
819 3011 976 3101 judicent,
997 3037 1079 3101 quae
1103 3013 1161 3078 im-

116 3103 261 3189 pugnent
274 3125 310 3168 ac
324 3101 478 3182 refellant,
493 3101 526 3168 id
541 3103 657 3169 faciant
671 3101 725 3180 ita,
739 3114 783 3178 ¹ut
801 3122 840 3164 ne
858 3098 996 3188 ingenua
1015 3114 1047 3164 et
1064 3101 1161 3166 hone-

80 3272 82 3276 ·
118 3205 163 3253 sta
175 3187 353 3255 litterarum
370 3188 475 3254 studia
491 3212 548 3278 per
562 3188 783 3254 ooutumeliose
797 3185 882 3252 dicta
895 3200 927 3253 et
941 3187 1084 3252 scurriles
1098 3210 1162 3252 aar·

115 3298 245 3356 casmos,
258 3276 336 3341 dum
352 3275 410 3341 sibi
423 3275 517 3341 faoeti
530 3299 596 3342 esse
606 3275 763 3354 videntur,
775 3273 990 3352 dehonestent,
1003 3297 1070 3353 neo,
1082 3274 1161 3340 dunt
1262 3302 1264 3307 ·

117 3361 249 3428 aliorum
272 3361 389 3427 nomini
409 3362 572 3428 detrahere
586 3360 708 3440 volunt,
723 3361 783 3450 ipsi
803 3383 877 3425 suae
896 3358 984 3426 laudi
999 3373 1030 3426 et
1044 3360 1162 3426 littera-

115 3472 185 3516 rum
206 3463 387 3516 nostrarum
407 3448 553 3538 dignitati
572 3448 756 3524 detrahant3
779 3445 928 3512 illiberale
945 3459 1035 3526 esset,
1052 3447 1077 3512 si
1091 3448 1163 3535 quia

117 3536 192 3602 mihi
213 3535 366 3602 invidiam
387 3536 489 3602 facere
510 3535 624 3611 vellet;
648 3547 770 3600 tantum
792 3533 875 3598 enim
896 3534 996 3612 abest,
1018 3547 1055 3598 ut
1076 3534 1164 3620 quio

115 3647 211 3710 quam
226 3645 344 3688 novare
358 3636 390 3687 et
403 3623 564 3712 paradoxa
581 3621 690 3688 sectari
703 3619 815 3696 velim;
839 3631 876 3684 ut
938 3619 1001 3719 tius
1021 3619 1162 3708 antiqua,

116 3733 215 3798 eaque
231 3709 364 3788 veriora,
378 3709 559 3798 quaestione
573 3709 631 3774 rite
645 3707 815 3774 oonstituta
828 3719 860 3772 et
928 3719 1031 3795 capita
1045 3731 1102 3774 sua
1114 3731 1165 3786 re,-

115 3811 237 3878 vooata,
254 3797 380 3862 firmare
393 3796 545 3862 studeam.
740 3861 741 3866 ,

261 3887 341 3948 ἀλλὰ
355 3882 461 3949 πίθεσθε
476 3886 524 3948 καὶ
539 3881 638 3970 ὔμμες,
653 3881 708 3946 ’ersi
721 3878 857 3946 πείθεσθαι
873 3877 1001 3966 ἄμεινον.,
