2998 5052
344 362 410 430 aas
564 333 819 428 excussus
843 358 892 423 11.
925 331 1097 426 saceio
1121 349 1170 423 11.

338 531 467 602 animati
481 531 662 608 constituit;
683 554 741 597 nos
755 529 875 596 nodum
890 528 1035 596 carminis
1046 523 1261 618 appellamus3
1282 528 1390 596 iuven-t

337 634 409 688 tum
430 643 488 708 per
509 643 542 684 se
563 617 715 708 simplem
739 616 898 698 nimirum,
921 615 1058 682 Patrocli
1079 616 1255 684 amicissimi
1270 611 1387 686 Achilli

338 707 466 782 caedes}
490 706 573 772 mira·
591 718 696 772 tamen
718 703 885 792 sagacitate
906 713 1126 790 temperatum,
1141 727 1215 770 cum
1237 727 1277 770 ex
1298 704 1388 772 Joris

338 792 468 860 consilio
484 793 618 859 ductum
638 792 689 872 sit,
708 803 745 856 ut
766 812 824 878 per
842 789 945 854 clades
959 791 1157 856 Achivorum
1172 815 1210 856 eo
1223 813 1274 856 res
1286 791 1385 856 addu-

338 891 439 960 catur,
453 893 490 945 ut
506 877 687 946 Patroclum
702 877 736 942 iu
753 899 895 966 pugnam
914 875 999 942 exire
1021 876 1128 942 'ubeat
1142 877 1303 954 Achilles;
1328 879 1387 944 Ju-

227 1018 229 1026 .
360 967 421 1031 iter
441 977 548 1032 autem
570 964 718 1031 Thetidis
739 963 885 1052 precibus
906 987 944 1028 eo
965 901 1122 1030 adductus
1145 963 1195 1043 sit,
1219 977 1257 1029 ut
1281 985 1385 1030 rerum

337 989 499 1118 lortunam
520 1076 558 1117 eo
579 1051 674 1117 modo
695 1050 920 1116 moderaretur.
966 1053 1066 1116 Caeso
1087 1048 1233 1116 Patroclo
1247 1050 1388 1116 Achilles

338 1138 493 1226 inaciem
516 1138 623 1227 prodit
644 1137 686 1204 ad
707 1137 798 1202 amici
819 1136 945 1201 eaedem
957 1136 1187 1216 adciscendam
1210 1159 1387 1226 magnaque

339 1237 442 1314 strage
472 1227 687 1314 Trojanorum
716 1224 801 1290 edita
826 1225 999 1300 Hectorem
1022 1223 1173 1312 jugulam¹
1277 1224 1388 1289 tiude

339 1311 438 1378 funus
460 1311 616 1392 Patroclo,
640 1323 709 1376 tum
729 1310 822 1376 ludos
843 1309 1001 1390 funebres,
1025 1322 1147 1376 servato
1230 1325 1389 1378 contume-

338 1397 413 1472 liam
439 1400 587 1464 Hectoris
612 1421 761 1487 corpore;
789 1395 888 1464 donec
910 1397 1056 1462 Priamus
1079 1397 1119 1462 de
1144 1421 1182 1462 eo
1204 1397 1387 1462 redimendo

338 1485 473 1552 consiliis
493 1485 578 1552 initis
599 1485 656 1550 filii
677 1507 792 1572 corpus
813 1494 978 1572 recuperat
992 1495 1024 1550 et
1039 1484 1172 1582 'frojam
1193 1497 1389 1573 reportatum

340 1572 469 1638 sollenni
484 1573 664 1673 sepulturae
677 1572 795 1637 honore
813 1570 933 1635 humat.
979 1569 1093 1635 Prodit
1106 1581 1151 1636 ita
1164 1571 1301 1638 nmraho
1315 1572 1390 1638 sads

338 1659 419 1724 bene
433 1672 613 1739 constituta,
628 1658 780 1746 disposita
793 1669 827 1721 et
840 1680 879 1722 ex
893 1657 962 1744 ipso
981 1679 1086 1721 rerum
1105 1669 1265 1746 gestarum
1279 1659 1389 1724 ordine

338 1745 381 1811 ad
395 1746 569 1811 naturalem
584 1768 677 1810 suum
692 1743 814 1810 exitum
827 1743 999 1832 perducta3
1020 1756 1058 1808 ut
1066 1743 1134 1830 jam
1149 1744 1227 1808 nihil
1242 1745 1388 1833 supersit,

339 1832 458 1921 dequo
472 1831 607 1920 amplius
620 1828 837 1919 quaerendum
852 1853 917 1894 esse
931 1829 1031 1895 videri
1045 1830 1152 1918 possit.
1179 1833 1254 1897 Non
1268 1845 1386 1916 autem,

341 1918 366 1982 si
380 1919 457 1983 haec
472 1918 621 2006 sequaris,
634 1916 832 2006 pronuntiari
846 1929 962 2005 potest,
973 1915 1065 1982 unice
1080 1916 1159 1981 iram
1167 1919 1302 1983 Achillis
1316 1943 1389 1984 con-

340 2003 468 2070 stituere
483 2004 627 2070 carminis
643 2003 885 2104 argumentum
910 2026 974 2068 non
988 2003 1073 2068 enim
1093 2004 1234 2071 subsistit
1254 2005 1336 2070 illud
1355 2007 1387 2070 in

340 2091 409 2178 ejus
423 2091 595 2171 effectibus,
611 2103 668 2156 aut
682 2115 715 2155 111
729 2091 798 2178 eJ'us
811 2089 994 2177 placatione.
1027 2089 1097 2155 Nisi
1112 2090 1215 2156 dicere
1229 2093 1331 2173 malis,
1348 2093 1386 2158 ad

340 2176 419 2242 iram
440 2176 625 2265 placandam
647 2177 740 2242 etiam
762 2176 899 2242 Patrocli
919 2177 1018 2242 funus
1035 2188 1067 2241 et
1085 2176 1179 2244 ludos
1191 2179 1345 2246 funebres
1358 2194 1390 2246 et

339 2263 564 2330 redemtionem
579 2263 727 2329 Hectoris
741 2263 906 2352 pertinere.

355 2371 358 2376 '
385 2353 467 2416 Sane
491 2351 632 2439 quidem,
656 2350 743 2439 quod
767 2351 815 2415 iro
839 2351 970 2430 Achillia
994 2349 1139 2416 carminis
1164 2364 1389 2439 argumentum

339 2437 528 2504 constituere
543 2437 669 2518 dicitur,
685 2461 726 2502 ex
739 2437 994 2526 interpretatione
1009 2436 1051 2501 ad
1065 2437 1198 2504 verbum
1212 2439 1297 2504 facta
1316 2463 1390 2527 pro-

339 2524 459 2590 fectum
474 2549 540 2590 esse
553 2524 654 2590 videri
668 2525 780 2600 debet;
804 2547 889 2604 nam,
906 2524 931 2588 si
944 2537 1028 2590 recte
1041 2523 1330 2612 interpretationem
1345 2528 1393 2592 in-

339 2609 488 2690 stitueris,
500 2623 642 2699 apparet‚
655 2611 681 2675 si
694 2611 845 2700 prooemii
859 2611 957 2676 verba
970 2610 1012 2677 ad
1026 2612 1176 2677 sermonis
1190 2612 1327 2679 rationes
1343 2637 1390 2678 re-

340 2696 510 2778 vocaveris,
525 2697 645 2786 poetice
660 2697 823 2764 enuntiata
837 2721 920 2762 esse:
938 2704 1022 2780 -μῆιιι
1036 2695 1119 2778 ἄειδε,
1134 2697 1149 2776 ἢ
1163 2697 1241 2786 μυρί’
1255 2702 1390 2787 Ἀχαιοῖς
1432 2729 1434 2733 ·

340 2782 436 2872 ἄλγεα
452 2785 513 2862 θῆκε
527 2806 587 2873 pro
600 2783 740 2872 vulgari:
764 2783 836 2848 ἄειδε
847 2787 886 2848 τοὶ
901 2782 987 2869 μυρίοι
1001 2782 1091 2870 ἄλγη,
1108 2789 1196 2864 κακοὶ,
1213 2783 1234 2850 ἃ
1246 2792 1324 2869 μῖμος
1338 2788 1388 2852 Ἀ-

336 2869 464 2960 χιλλέοος
477 2873 609 2958 Ἀχαιοῖς
623 2871 708 2948 ἔθηκε.
730 2893 794 2936 non
813 2869 860 2936 ira
875 2868 1020 2950 Achillis,
1036 2871 1092 2936 sed
1113 2871 1196 2936 mala
1216 2895 1286 2936 eam
1307 2872 1389 2938 inse-

339 2969 451 3046 quuta,
463 2980 590 3046 pugnae
603 2969 635 3023 et
645 2956 748 3022 clades
762 2957 972 3036 Achivorum,
987 2957 1132 3024 carminis
1146 2980 1301 3024 summam
1316 2984 1391 3026 con-

339 3045 484 3111 stituunt.
530 3046 707 3124 Hactenus,
729 3043 811 3110 inter
856 3043 928 3109 lura
950 3056 1066 3110 temere
1089 3045 1260 3125 cumulata,
1282 3045 1390 3114 locum

339 3129 435 3216 habet
449 3153 550 3196 unum
564 3130 655 3210 illud,
671 3130 759 3218 quod
773 3131 807 3196 in
821 3067 993 3196 Husmmio
1006 3154 1038 3218 p.
1054 3135 1075 3197 5
1089 3130 1223 3244 legitur:
1241 3134 1347 3211 σκοπὸς
1361 3136 1389 3198 δὲ

339 3220 425 3280 αὐτοῦ
439 3225 488 3280 τοῦ
501 3215 627 3297 βιβλίου,
643 3221 679 3294 ὥς
701 3219 750 3282 καὶ
773 3220 855 3294 αὐτὸς
876 3222 901 3282 ἐν
920 3217 1053 3307 προοιμίῳ
1073 3223 1221 3298 iaculum,
1237 3224 1319 3284 εἰπεῖν
1333 3219 1391 3286 ὅσοι

340 3308 417 3366 κακοὶ
432 3305 459 3366 ἐι
474 3309 514 3366 τῶ
529 3309 616 3390 καιρῷ
635 3309 682 3382 τῆς
704 3311 753 3368 τοῦ
775 3302 936 3390 Ἀχιλλέως
954 3305 1060 3385 μήνιδος
1075 3305 1123 3368 καὶ
1139 3311 1163 3370 οἶ
1177 3311 1280 3394 Τρῶες,
1297 3308 1347 3374 nal
1364 3315 1389 3372 οἱ

332 3386 471 3472 Ἕλληνες
520 3391 592 3454 ator.
624 3391 698 3456 Hoc
713 3413 785 3456 sane
800 3402 857 3472 est,
873 3389 962 3479 quod
975 3389 1084 3456 ceteris
1098 3391 1254 3472 omnibus,
1270 3416 1355 3480 quae
1368 3417 1389 3458 a

331 3474 549 3564 ,grammaticis
569 3475 610 3540 de
632 3499 755 3543 summa
777 3477 886 3544 Iliadis
907 3489 940 3542 et
960 3489 1146 3566 argumento
1167 3478 1252 3545 dicta
1271 3503 1306 3546 re
1367 3482 1388 3559 '‚

339 3562 522 3650 praeferam.
570 3563 651 3628 Sane
673 3587 788 3630 nomen
809 3576 874 3632 tam
896 3565 977 3632 latae
1000 3565 1134 3632 notionis
1156 3567 1245 3643 Ἰλιὰς
1267 3591 1388 3648 conca,

339 3651 620 3731 marcelliacum,
642 3663 749 3716 movet
771 3652 988 3740 suspicionem,
1011 3651 1138 3716 latuisse
1158 3653 1297 3764 primum
1318 3679 1388 3720 car.

339 3734 432 3800 minis
445 3748 604 3802 auctorem
624 3737 659 3802 id
676 3736 782 3826 ipsum
802 3737 975 3818 consilium,
991 3738 1079 3826 quod
1092 3747 1141 3802 τοῦ
1157 3766 1233 3815 moos
1247 3741 1385 3807 indolem

339 3822 499 3911 propriam
520 3823 693 3904 constituit,
709 3837 747 3889 ut
761 3848 857 3890 unam
879 3835 1002 3890 tantum
1023 3823 1177 3891 actionem
1198 3827 1390 3916 complecta?

321 3991 322 3996 ἵ
339 3921 411 3993 tur;
435 3911 698 3977 accommodatius
711 3933 825 3976 nomen
839 3923 906 3978 erat
920 3911 1007 3976 haud
1020 3911 1117 3978 dubie
1129 3914 1299 4000 Ἀχίλλειο,
1314 3937 1388 4003 pos-

339 4009 386 4064 set
399 3995 444 4062 ita
457 3997 602 4062 carminis
613 4020 736 4070 summa
745 3998 903 4078 constitui,
914 3997 1078 4086 Ἀχιλλέως
1092 4000 1195 4080 ἀτιμία
1210 4001 1258 4064 nal
1273 4006 1389 4085 τιμὴ-

337 4082 443 4160 omnia
457 4083 541 4148 enim
554 4107 593 4148 eo
606 4084 752 4164 tendunt,
768 4097 806 4149 ut
816 4083 935 4150 Achilli
950 4083 1023 4150 satis
1059 4107 1095 4149 ro
1108 4085 1224 4172 injuria
1237 4087 1304 4168 fiat,
1319 4111 1388 4154 non

336 4169 371 4234 in
386 4169 538 4250 Briseide,
553 4170 643 4258 quasi
657 4171 698 4235 ab
715 4193 753 4234 eo
770 4182 883 4251 amata,
907 4170 962 4236 sed
983 4169 1017 4234 in
1036 4106 1157 4236 honore
1177 4172 1271 4256 laeso,
1287 4187 1387 4262 quae-

337 4255 456 4332 renda;
502 4255 747 4322 uemadmodum
767 4279 825 4322 nec
842 4257 916 4323 belli
932 4256 1065 4345 Trojani
1083 4281 1194 4324 caussa
1209 4259 1242 4324 in
1258 4259 1386 4328 Helena

338 4355 439 4430 rapta,
524 4343 556 4409 in
572 4342 687 4429 injuria
700 4343 787 4410 omni
802 4343 952 4412 Graeciae
971 4366 1029 4433 per
1046 4344 1116 4431 ejus
1136 4356 1263 4432 raptum
1284 4347 1385 4427 illata,
