2998 5052
323 375 387 438 822
698 376 989 440 HERMANNI
1075 413 1080 426 ·

325 546 389 611 sius
404 561 559 628 naturam,
575 571 656 637 quae
671 548 741 614 talis
755 561 812 628 est,
828 565 865 614 ut
879 572 944 614 non
958 571 1048 636 posse
1063 571 1152 613 veras
1166 570 1232 612 esse
1246 543 1371 632 regulas

325 633 400 698 istas
414 634 543 700 evincat.
589 635 645 700 Ab
659 635 717 700 hac
733 659 807 700 vero
821 659 866 714 re,
882 652 920 701 ut
934 659 992 729 par
1006 648 1064 715 est,
1080 633 1270 723 capiendum
1285 629 1373 696 nobis

327 719 386 784 erit
400 719 620 808 disputationis
634 723 808 787 exordium.

370 809 422 871 Ac
448 830 540 872 nemo
562 830 626 874 non
649 809 746 888 videt,
761 833 852 896 posse
873 809 952 896 quid
971 807 1144 897 comparari
1165 805 1215 871 vel
1233 828 1309 870 cum
1327 827 1374 882 eo,

295 945 297 948 .
326 892 415 979 quod
428 917 462 957 re
477 901 551 958 vera
565 907 621 974 est,
638 895 687 959 vel
700 918 773 959 cum
788 919 836 976 eo,
852 895 941 983 quod
959 907 1062 984 potest
1083 917 1157 959 esse.
1203 893 1279 957 Hoc
1301 890 1374 955 alte-

326 1003 398 1043 rum
420 979 539 1069 duplex
561 994 617 1045 est.
661 984 747 1046 Nam
761 998 818 1047 aut
831 1005 869 1046 eo
883 1005 973 1070 posse
989 1005 1056 1046 esse
1075 979 1274 1067 intelligitur,
1290 975 1375 1076 quia,

327 1065 353 1129 si
374 1089 464 1130 casus
483 1065 601 1146 tulerit,
616 1090 650 1132 re
668 1092 741 1133 vera
763 1069 887 1134 evenire
907 1069 1003 1144 solet;
1027 1081 1084 1133 aut
1098 1067 1163 1132 sola
1171 1065 1376 1154 cogitatione,

327 1166 489 1240 tamquam
504 1153 592 1240 quod
606 1155 672 1233 fiat,
687 1154 834 1233 sumitur,
849 1155 970 1221 etiamsi
984 1156 1065 1220 forte
1079 1177 1119 1219 ne
1133 1152 1232 1241 possit
1247 1149 1376 1239 quidem

326 1237 403 1302 fieri.
448 1242 605 1329 Apparet,
629 1241 721 1330 plane
742 1241 866 1306 easdem
890 1242 940 1307 hic
962 1242 1047 1306 cerni
1067 1239 1276 1318 diversitates,
1299 1259 1378 1324 quas

328 1348 424 1412 supra
448 1326 482 1390 in
507 1326 609 1391 modis
635 1328 801 1392 verborum
820 1352 886 1392 esse
906 1329 1052 1393 vidimus.
1098 1326 1195 1392 Unde
1216 1336 1377 1390 consents„

327 1433 422 1476 neum
439 1413 574 1494 videtur,
589 1438 690 1500 quum
704 1415 783 1502 quid
797 1438 870 1480 cum
889 1439 933 1494 re,
949 1438 1031 1502 quae
1049 1437 1122 1500 vere
1143 1426 1202 1491 est,
1217 1433 1377 1562 compara

328 1513 392 1577 tur,
407 1498 576 1566 indicativo
591 1501 745 1566 utendum
766 1525 850 1577 esse3
874 1501 930 1566 ubi
947 1514 1054 1566 autem
1068 1523 1141 1565 cum
1156 1523 1205 1579 eo,
1220 1522 1267 1586 qu
1324 1495 1377 1561 alr-

326 1585 455 1684 quando
476 1587 611 1668 eveniat,
626 1587 843 1675 conjunctiv03
867 1588 1003 1676 denique
1024 1588 1137 1653 sicum
1154 1609 1203 1667 eo,
1218 1583 1307 1672 quod
1328 1607 1379 1648 oo·

326 1683 446 1758 grtetur
460 1686 584 1739 tantum
600 1698 675 1755 esse,
692 1698 749 1740 nec
764 1674 814 1754 sit,
831 1675 983 1762 optativo.

371 1759 515 1824 Primum
530 1759 540 1823 i
564 1761 628 1826 'tur
642 1761 683 1824 de
697 1761 734 1824 iis
748 1761 843 1825 rebus
857 1761 991 1840 dicatur,
1007 1783 1088 1847 quae
1103 1783 1176 1824 vere
1191 1771 1276 1821 sunt.
1304 1758 1376 1819 Has

327 1844 399 1930 quis
412 1844 498 1910 volet
516 1785 573 1910 lffi
588 1847 676 1912 verbi
695 1847 791 1911 modo
811 1847 958 1926 indicare,
974 1869 1040 1935 quo
1061 1870 1125 1912 non
1139 1867 1213 1911 vere
1227 1867 1304 1922 esse,
1321 1840 1376 1906 sed

327 1953 418 2018 posse
439 1956 505 1997 esse
527 1933 762 2020 significentur?
787 1932 850 1998 Sed
865 1933 905 1998 de
920 1934 1021 1998 tribus
1038 1931 1244 2020 temporibus,
1282 1928 1377 1993 uibus

327 2018 433 2083 omnia
453 2019 614 2098 eveniunt,
629 2021 904 2094 un11m,t⁴uturum
925 2020 1007 2097 dico,
1023 2032 1136 2084 natura
1158 2041 1216 2082 sua
1295 2015 1379 2080 conia

326 2106 520 2190 parationem
542 2129 655 2194 parum
676 2105 825 2171 idoneum
847 2118 904 2172 est.
950 2110 1058 2185 Quum
1076 2105 1159 2170 enim
1173 2101 1379 2168 declarandae

327 2190 372 2253 rei
386 2190 556 2257 inserviant
569 2216 639 2258 com
697 2192 826 2271 stiones,
842 2207 1084 2258 consentaneum
1101 2206 1159 2270 est,
1175 2190 1284 2279 potius
1305 2211 1378 2253 cum

328 2296 376 2356 eo,
391 2279 478 2364 quod
501 2293 548 2344 est
568 2279 619 2344 vel
633 2215 705 2358 iiiii,
721 2278 967 2368 comparandum
989 2279 1109 2366 aliquid
1124 2275 1295 2374 essa-quia
1308 2275 1377 2354 ho'o,

328 2365 422 2451 quale
436 2365 486 2444 sit,
502 2366 657 2445 novimus,
673 2389 769 2453 quam
791 2389 864 2430 eum
886 2389 934 2444 eo,
950 2366 1038 2453 quod
1059 2365 1205 2429 futurum
1223 2376 1275 2442 srt,
1291 2361 1377 2450 quod

328 2452 477 2537 quoniam
493 2452 634 2518 noudum
648 2452 863 2540 cognovimus,
878 2451 984 2551 ipsum
1001 2452 1106 2539 potius
1124 2449 1238 2549 aliqua¹
1253 2471 1376 2598 eompu-

328 2537 447 2602 ratione
473 2538 693 2604 illustrandum
715 2539 784 2617 erit,
801 2562 896 2627 quam
918 2554 956 2603 ut
976 2561 1081 2626 ipsum
1103 2537 1196 2602 aliam
1217 2558 1287 2600 rem
1309 2535 1316 2548 ’
1343 2558 1378 2598 u-

327 2637 412 2688 stret.
459 2627 564 2706 Quare
584 2626 731 2690 futurum
753 2625 806 2689 vix
828 2624 1004 2691 invenietur
1025 2624 1058 2690 in
1079 2621 1374 2711 comparationibus,

327 2709 387 2774 nisi
412 2711 444 2774 in
466 2710 541 2776 loeis
562 2713 734 2800 corruptis:
758 2711 856 2777 veluti
880 2710 911 2777 Il
933 2717 974 2777 N.
996 2715 1068 2779 707.
1114 2709 1255 2796 Reliqua
1278 2707 1376 2795 igitur

327 2812 401 2863 sunt
415 2798 619 2886 praeteritum
640 2814 671 2864 et
694 2820 847 2888 praesens.
894 2800 1078 2885 Utrumque
1095 2797 1222 2862 seorsim
1236 2793 1377 2860 conside-

327 2905 440 2950 remus.
731 2913 738 2922 ·

370 2976 421 3037 Ac
436 2974 595 3060 praeteriti
616 2969 784 3039 indicativo
805 2974 943 3062 primum
957 2974 990 3039 in
1004 2998 1038 3040 re
1053 2997 1125 3039 vere
1138 2973 1224 3037 facta
1237 2991 1375 3036 necessa·

326 3057 373 3122 rio
388 3059 542 3124 utendum
558 3084 634 3139 esse,
649 3083 742 3125 nemo
755 3074 819 3125 n'on
834 3062 928 3127 videt.
976 3061 1027 3126 sic
1043 3060 1103 3126 Od.
1120 3066 1156 3123 Τ,
1173 3057 1226 3124 66.
1242 3060 1279 3132 ὥς
1293 3059 1315 3120 δ’
1331 3056 1374 3120 ὅτε

328 3147 490 3231 Πανδαρέου
502 3146 600 3232 κούρας
611 3146 738 3211 ἀνέλοντο
750 3148 873 3228 θύελλαι,
886 3162 917 3212 et
930 3170 1012 3235 quae
1022 3146 1124 3212 multa
1133 3145 1178 3210 ibi
1191 3144 1234 3208 de
1246 3144 1298 3208 his
1308 3165 1376 3207 nar-

326 3244 444 3307 rantur.
484 3232 607 3298 Deinde
622 3257 697 3298 vero
710 3233 808 3298 alium
823 3257 916 3298 usum
930 3234 982 3298 hic
995 3234 1183 3298 indicativus
1196 3231 1307 3309 habet,
1321 3227 1374 3315 qui

324 3315 394 3380 talis
408 3331 465 3396 est,
480 3332 517 3383 ut
532 3320 659 3418 regulae
674 3343 770 3409 supra
783 3321 903 3408 positae
917 3343 1095 3408 repugnare
1109 3318 1269 3384 videatur:
1287 3335 1375 3380 usur-

324 3415 420 3489 patur
440 3403 523 3467 enim
544 3419 639 3470 enam
659 3406 701 3471 he
726 3406 784 3485 his,
810 3431 891 3494 quae
913 3430 976 3471 non
1003 3429 1112 3471 revera
1132 3428 1219 3483 esse,
1237 3403 1294 3468 sed
1321 3399 1374 3465 ali-

323 3490 452 3576 quando
473 3491 596 3556 evenire
618 3491 846 3580 intelliguntur.
891 3493 965 3558 Non
983 3507 1141 3592 repugnat
1159 3513 1243 3554 vero.
1292 3489 1372 3553 Nam

323 3575 383 3640 hoc
397 3575 501 3675 ipsum
515 3578 651 3643 maxime
665 3578 828 3666 proprium
844 3593 890 3643 est
903 3579 1051 3643 orationis
1064 3579 1216 3667 poeticae,
1232 3590 1271 3640 ut
1292 3586 1374 3640 certe

345 3684 381 3727 ro
402 3664 527 3728 mcertis
548 3680 780 3752 commemoret,
802 3687 947 3753 quaeque
961 3665 1012 3730 vel
1031 3677 1164 3752 possunt
1177 3662 1246 3727 fieri
1261 3660 1311 3728 ¹vel
1326 3684 1370 3724 so-

320 3683 396 3828 lint,
413 3761 450 3813 ut
465 3773 537 3814 vere
550 3751 634 3816 facta
656 3752 782 3830 referat,
798 3773 898 3839 eoque
918 3775 995 3830 rem,
1012 3775 1052 3816 ex
1073 3748 1196 3838 generis
1218 3747 1369 3813 infinitate

320 3833 354 3902 'm
369 3835 535 3924 singularis
549 3837 623 3902 facti
638 3851 740 3903 motos
753 3839 831 3902 fines
845 3851 1047 3917 contractam,
1063 3851 1150 3902 certo
1169 3836 1204 3900 in
1225 3832 1368 3922 exemplo

319 3921 592 4023 contemplandam
608 3923 762 4012 exhibeat.
808 3927 869 3990 Est
890 3941 995 3990 autem
1017 3924 1095 3989 haec
1116 3921 1207 4001 ratio,
1224 3937 1264 3986 ut
1277 3918 1368 3984 modo

318 4007 537 4090 indicavimus,
551 4009 690 4099 duplex:
714 4033 787 4100 nem
800 4025 858 4076 aut
871 4034 918 4091 ea,
934 4035 1016 4100 quae
1030 4010 1130 4076 solent
1148 4007 1217 4074 fieri
1236 4004 1367 4094 comple-¹

320 4094 432 4162 ctitur:
458 4097 544 4162 uude
563 4097 597 4162 in
618 4097 668 4162 his
688 4096 765 4166 locis
785 4093 933 4186 frequens
947 4112 995 4163 est
1012 4095 1183 4186 praesentis
1196 4091 1362 4160 admixtio:

321 4180 361 4246 ll.
378 4188 413 4247 E.
437 4185 513 4254 902.
535 4186 571 4258 ὠς
593 4186 616 4247 δ’
638 4183 676 4248 i'r'
702 4187 765 4259 ὄπός
788 4184 873 4270 γᾶλα
895 4183 992 4250 troadi
1017 4183 1189 4270 ἐπειγόμενος
1211 4180 1363 4256 συνέπηξεν,

319 4270 403 4358 ΰγςόν
423 4273 474 4347 tn,
495 4270 579 4351 μάλα
600 4272 622 4334 δ’
644 4267 706 4336 ὦκα
726 4271 935 4357 περιστρέφεται
956 4271 1104 4335 nundum:
1119 4281 1178 4334 aut
1199 4266 1240 4332 de
1260 4288 1294 4330 re
1307 4275 1361 4339 est,

318 4375 399 4438 quae
413 4353 583 4440 aliquando
596 4357 643 4435 lit,
660 4371 697 4421 ut
711 4363 745 4420 Γ.
763 4360 813 4422 33.
831 4361 866 4430 ὠς
881 4355 901 4418 δ’
916 4356 959 4419 ἔτι
974 4357 1016 4430 τίς
1030 4382 1062 4420 τε
1076 4353 1212 4442 δρακόντια
1235 4350 1292 4416 ἰδὼν
1305 4375 1360 4412 πα·
