3026 5056
321 365 368 436 ιο
522 417 526 426 .
660 365 911 436 axouusus
934 316 1034 431 vm.

367 537 537 606 Videamus
551 546 636 605 nunc
649 541 690 606 de'
703 540 752 621 iis,
767 563 848 628 quae
861 540 895 604 in
910 537 1087 604 Homericis
1101 537 1141 603 ab
1155 537 1215 603 ho'o
1230 537 1368 627 Olympo

324 640 431 693 monte
444 627 541 692 ducta
554 637 629 692 sunt
642 627 683 692 ad
696 629 782 693 sedes
796 629 919 692 ύευουυο
933 624 1142 690 declarandas.
1173 627 1281 689 Dueta
1295 636 1369 690 sunt

323 713 499 800 indejugo‚
513 715 681 796 υουυννιίοου,
695 724 836 792 recasura,
852 711 1000 801 Olympi;
1024 724 1056 776 et
1069 711 1136 799 ipse
1151 709 1307 799 Olympus
1322 719 1370 775 est

322 799 431 884 νιφύοις.
446 799 606 886 ἀγάννιφος.
622 801 661 865 ef.
673 801 715 865 ad
729 805 771 864 N.
781 803 855 868 754.
870 799 1061 884 πολύπτνχος,
1075 811 1205 886 propter
1219 798 1369 863 convalles

323 896 354 950 et
369 884 535 968 anfractus.
557 887 727 972 πολυδειρυδς,
743 883 963 1035 prppterjugo
976 884 1140 950 montium.
1181 885 1282 948 Fama
1294 883 1368 962 fuit,

196 1031 199 1038 .
274 1037 276 1041 ,
302 973 364 1048 ,de
378 973 494 1037 vertioe
507 971 596 1038 istius
610 973 725 1038 montis
738 995 782 1036 nu
819 984 947 1036 sveutrs
962 981 1063 1035 tacto:
1082 971 1210 1036 videtur
1221 970 1295 1035 hinc
1310 970 1370 1035 du-

323 1071 394 1123 etus
407 1059 494 1123 locus
511 1059 551 1124 de
571 1081 693 1130 summa
707 1057 837 1147 Olympi
856 1056 1080 1145 tranquillitate
1100 1058 1133 1122 in
1153 1057 1215 1122 Od.
1232 1062 1266 1120 Z.
1283 1060 1370 1122 42-

323 1145 368 1210 46
382 1143 556 1225 Οὔλυμπόνδ’
573 1144 610 1209 tt
625 1148 694 1226 φασί
709 1147 772 1210 θεῶν
787 1145 952 1220 ἕδος--.
983 1143 1106 1208 Montis
1120 1157 1194 1209 sunt
1208 1142 1372 1208 caeumina

321 1230 433 1318 plura:
457 1231 587 1330 Jupiter
600 1231 679 1296 adeo
693 1230 852 1296 interdum
867 1230 953 1304 sedet
969 1230 1002 1294 in
1022 1252 1145 1297 summo
1159 1229 1274 1295 vertice
1289 1252 1372 1294 seor-

324 1339 394 1382 sum
409 1317 450 1382 ab
464 1317 531 1382 alirs
550 1317 620 1397 diis,
636 1331 673 1382 ut
688 1317 727 1383 Il.
744 1323 780 1382 A.
797 1321 869 1387 498.
885 1320 915 1387 9.
939 1329 970 1381 et
991 1316 1081 1382 alibi:
1106 1317 1246 1403 ἀκροτάτῃ
1267 1321 1371 1404 κορυφῇ

323 1405 513 1491 πολυδειράδος
527 1404 702 1487 Οὐλύμποιο.
733 1407 782 1469 At
796 1401 889 1468 ceteri
904 1403 949 1468 dii
963 1403 1055 1468 variis
1066 1403 1212 1514 partibus
1227 1403 1373 1468 habitant

323 1489 362 1557 Σ.
373 1489 436 1555 186
447 1491 600 1568 ἀθανάτων,
614 1489 637 1554 οἳ
646 1489 797 1574 Ὄλυμπον
812 1491 960 1574 ἀγάννιφον
973 1495 1182 1574 ἀμφινεμοντοιι.
1206 1488 1246 1554 ll.
1256 1497 1295 1554 ‘l'-
1305 1492 1337 1554 4.
1348 1493 1370 1562 5

320 1575 453 1664 Jupiter
466 1577 561 1664 jubet
576 1575 766 1642 Themidem
785 1598 954 1640 convocare
973 1575 1048 1641 deos
1069 1578 1170 1662 κρατὸς
1183 1578 1230 1641 ἀπ’
1245 1574 1370 1660 Οὕλύμ·

322 1688 382 1726 ποιο
395 1664 588 1748 πολυπτύχου.
612 1662 667 1727 ubi
681 1663 851 1727 haerebant
864 1675 984 1726 veteres
999 1661 1032 1724 iu
1046 1661 1138 1726 nimis
1153 1660 1259 1727 subtili
1272 1661 1371 1726 inter-

345 1747 497 1828 retationq
518 1749 691 1828 cacuminis,
712 1751 822 1835 κροιπδς,
842 1747 875 1812 in
897 1771 962 1846 quo
983 1747 1114 1836 Jupiter
1133 1747 1207 1814 alibi
1227 1748 1372 1814 habitare

321 1772 444 1909 dictum
473 1847 505 1898 at
533 1833 653 1899 dictum
680 1848 760 1923 puto
785 1833 965 1923 simplimter
989 1858 1048 1923 pro
1073 1837 1290 1900 monta-Est
1315 1835 1373 1923 ῥίον

321 1920 471 2003 Ὀλύμπου
494 1933 633 1985 extrema
656 1935 712 1987 aut
736 1921 960 2010 prominentior
983 1945 1092 1987 versus
1114 1921 1274 2009 planitiem
1295 1921 1371 2008 jugi

322 2029 413 2093 pars:
438 2011 479 2071 Θ.
495 2011 538 2073 35
552 2008 682 2096 Jupiter
697 2013 786 2094 σειρὴν
806 2021 947 2072 catenam
968 2007 1075 2096 alligat
1094 2036 1127 2071 πε
1144 2009 1154 2071 ί
1172 2008 1227 2095 ῥίον
1246 2007 1371 2090 Οὐλύμ-

320 2117 395 2156 ποιο.
440 2094 530 2160 Juno
551 2094 740 2160 descendens
761 2093 826 2158 λίπε
847 2094 902 2181 ῥίον
924 2095 1087 2175 Οὐλύμποιο
1104 2035 1145 2158 Il.
1161 2097 1200 2162 Ξ.
1217 2097 1290 2159 235.
1314 2093 1372 2158 ubi

323 2203 352 2242 v.
370 2181 444 2244 Not.
460 2193 492 2245 et
505 2180 586 2245 adde
599 2205 643 2246 vs.
661 2184 733 2247 154.
754 2186 789 2245 T.
806 2183 878 2260 114.
899 2193 973 2244 sunt
986 2182 1093 2266 πτύχες
1106 2182 1267 2264 Ὀλύμπου,
1283 2180 1371 2246 unde

322 2277 354 2331 et
368 2269 441 2344 πτὺέ
454 2268 603 2351 Ὀλύμπου
617 2292 676 2355 pro
691 2267 830 2356 Olympo
844 2266 970 2332 omuino
984 2264 1069 2331 dicta
1081 2279 1139 2344 est,
1154 2273 1191 2330 ‘n
1208 2270 1259 2330 33.

365 2354 572 2418 Exornarunt
595 2367 760 2444 poetarum
778 2353 1065 2441 antiquissimorum
1085 2351 1210 2502 irffenia
1228 2366 1370 2419 montem

321 2438 508 2528 Olympum,
519 2463 592 2506 oum
608 2441 702 2508 semel
715 2440 825 2506 habita
838 2451 918 2526 esset
931 2439 1063 2504 deorum
1078 2463 1109 2522 se
1133 2463 1176 2518 es,
1189 2450 1221 2504 et
1235 2439 1370 2506 deorum

321 2527 439 2610 regiam
453 2527 485 2591 in
500 2551 537 2592 eo
551 2529 799 2602 constituerunt;
821 2525 1062 2613 primoquidem
1077 2525 1132 2604 ita,
1148 2539 1186 2591 ut
1199 2549 1232 2590 re
1256 2525 1317 2590 'am
1335 2528 1370 2592 in

321 2624 427 2675 monte
441 2613 491 2677 vel
513 2613 626 2678 montis
647 2626 737 2704 parte
758 2626 815 2678 aut
836 2637 932 2700 supra
953 2626 1090 2678 montem
1112 2612 1146 2675 in
1166 2613 1244 2677 nubr
1266 2636 1316 2692 uS,
1334 2614 1370 2678 in

317 2695 417 2777 caelo,
432 2699 674 2776 constituerent;
699 2713 901 2778 mom'autem,
916 2697 1003 2763 nullo
1021 2697 1135 2764 montis
1148 2711 1291 2786 respectu
1312 2699 1369 2764 ha

320 2783 388 2849 bito
401 2785 519 2873 regiam
534 2783 665 2852 deorum
680 2787 714 2852 in
728 2787 867 2852 nubibus
885 2809 922 2852 aa
940 2785 1024 2851 caelo
1042 2785 1242 2850 constitutam
1259 2786 1370 2874 Olym-

321 2895 399 2959 pum
414 2873 621 2961 appellarunt.

365 2959 483 3040 Primo,
504 2960 644 3050 inquam,
665 2965 785 3049 regiam
806 2963 931 3027 demum
952 2962 985 3025 ι’νι
1006 2971 1105 3034 monte
1125 2961 1366 3042 constituerunt,

319 3042 479 3110 interdum
497 3071 593 3135 supra
611 3062 750 3116 montem
769 3049 802 3113 in
821 3049 960 3114 nubibus
974 3072 1010 3112 ac
1024 3047 1126 3124 eaelo;
1151 3060 1247 3135 atque
1259 3047 1293 3110 in
1307 3046 1369 3112 hoo

321 3131 408 3196 varia
431 3131 650 3219 phantasmata
672 3157 708 3200 aa
733 3157 838 3198 rerum
863 3134 1066 3222 locorumque
1096 3134 1212 3221 species
1242 3133 1368 3220 sequuti

319 3229 413 3292 sunt3
445 3219 500 3284 sed
529 3243 613 3284 nunc
638 3221 678 3285 de
705 3223 847 3286 Homero
872 3219 1003 3307 agimus.
1048 3220 1087 3283 Iu
1111 3231 1212 3286 monte
1236 3220 1289 3306 eju
1328 3243 1368 3284 ue

315 3303 404 3391 jugis
417 3328 454 3370 ac
467 3305 659 3372 convallibus
674 3308 766 3372 aedes
780 3305 839 3371 diis
853 3307 951 3372 factas
965 3318 1115 3372 memorat
1132 3306 1170 3371 Il.
1182 3313 1223 3370 ’Λ.
1240 3309 1283 3375 77
1298 3331 1368 3370 οσιν

320 3391 357 3453 ἐνί
378 3392 529 3480 μεγάροισι
550 3394 683 3474 καθήατο,
703 3393 753 3482 ᾗχι
774 3394 886 3479 ἑκάστῳ
902 3392 1032 3476 Δείμαντα
1051 3399 1130 3456 καλοὶ
1152 3393 1266 3458 τίτυκτο
1290 3397 1367 3456 κατὰ

319 3477 433 3563 πτύχας
458 3479 631 3562 Οὐλύμποιο.
680 3484 714 3545 Α
738 3492 844 3546 monle
869 3479 1010 3566 procedit
1035 3479 1164 3567 Jupiter
1188 3478 1221 3543 in
1247 3478 1366 3577 regiam

319 3585 420 3644 suam,
443 3567 484 3627 ἑὸν
505 3569 571 3664 agl,
593 3567 684 3648 δῶμα,
699 3572 738 3631 Α.
753 3569 826 3632 533.
843 3569 873 3630 3.
894 3565 961 3634 coll.
979 3568 1051 3636 497.
1068 3569 1097 3630 8.
1120 3565 1297 3631 advenient
1319 3589 1366 3629 as-

319 3655 455 3736 surgunt
468 3650 513 3716 dii
526 3675 560 3716 m
574 3675 611 3716 ea
624 3653 729 3732 domo,
743 3653 880 3737 (δώματι)
892 3651 982 3732 atrio,
998 3652 1084 3730 aede,
1097 3651 1276 3751 congregati
1291 3655 1364 3716 533.

319 3738 349 3824 4.
366 3740 395 3801 5.
412 3748 444 3802 et
458 3737 557 3803 finitis¹
566 3739 667 3827 epulis
685 3740 727 3804 ad
747 3761 890 3804 somnum
911 3762 943 3803 se
964 3737 1165 3826 compositum
1185 3738 1251 3818 ἔβαν
1266 3738 1366 3802 οίκύνδε

319 3821 448 3898 ἕκαστος.
471 3821 514 3888 ad
534 3846 621 3890 stram
643 3829 765 3912 quisque
786 3828 917 3890 domum
964 3824 1003 3889 Il.
1020 3830 1055 3888 E.
1073 3827 1137 3893 748
1154 3849 1221 3912 sqq.
1245 3823 1366 3889 caelum

270 3991 272 3994 Ι
317 3919 375 3973 aut
389 3933 483 3996 super
498 3910 592 4000 Olym
656 3937 721 3978 esse
741 3924 798 3977 aut
817 3935 889 3976 eum
911 3910 1103 3978 cncumdare
1124 3911 1265 3977 videtur:
1289 3910 1365 3976 caeli

316 4008 410 4082 porta
423 3997 579 4084 patefacta
593 3936 636 4062 do

317 4105 389 4147 vern
400 4081 433 4146 iu
449 4105 571 4148 summo
582 4085 696 4149 vertice
708 4085 876 4163 sedentem,
888 4084 962 4149 inde
972 4107 1068 4150 curru
1079 4107 1136 4171 per
1146 4107 1249 4150 aerem
1259 4084 1366 4150 ferun-

318 4180 372 4232 tur
382 4193 490 4236 versus
502 4171 726 4282 Trajan-N.
739 4175 803 4238 533
819 4171 905 4240 sedet
917 4169 1007 4235 Mars
1022 4163 1094 4235 c'um
1109 4170 1168 4236 diis
1182 4171 1215 4235 in
1227 4171 1365 4258 Olympo

317 4255 368 4318 ὑπὸ
382 4257 531 4356 χρυσέοισι
548 4276 670 4340 νιφεσσι.
693 4259 832 4325 nubibus
847 4258 926 4322 adeo
940 4269 1036 4345 caput
1050 4257 1267 4340 ambientibus.
1303 4259 1364 4322 Fa.

316 4351 403 4404 ctum
416 4353 522 4430 rtaque
536 4342 622 4410 haud
634 4344 817 4412 mirabimur
829 4344 923 4410 modo
935 4343 1044 4432 οὐςοινδν
1057 4357 1089 4409 et
1098 4343 1250 4429 Ὄλυμπον
1257 4342 1363 4431 jungi,

616 3999 788 4063 escendunt
803 3999 951 4062 Minerva
964 4011 996 4062 et
1010 4000 1110 4078 Juno‚
1122 3997 1293 4085 videntque
1308 3999 1332 4060 J
1333 4021 1365 4061 o-
1398 3999 1400 4002 ’
