3008 5056
321 362 386 428 100
706 362 960 432 EXCURSUS

367 537 407 599 In
422 533 489 600 eliis
502 533 578 600 locis
591 555 701 600 caussa
719 535 787 600 vitii
808 549 876 601 erat
896 533 1079 625 exquisitior
1091 534 1194 598 forma
1206 529 1292 600 vocis
1302 558 1321 599 ε.
1335 556 1364 602 v.

226 649 230 656 ¹
315 645 348 686 c.
366 629 402 686 E.
418 623 483 688 538
496 623 547 707 πρὸ
562 623 590 685 δὲ
604 621 711 688 εἴσατο.
726 621 789 688 fuit
801 625 854 712 πςὸ
869 623 891 686 δ’
906 622 1024 686 isium.
1047 625 1086 686 A.
1102 623 1167 686 532
1181 625 1218 696 εἰς
1232 620 1293 686 ἅλα
1305 617 1364 686 dt·

321 733 363 772 πο.
379 708 442 773 fuit
457 713 492 784 εἰς
505 707 586 774 ἅλαδ’
601 703 683 772 ἆλτο.
699 714 736 773 A.
752 712 819 776 385
831 709 901 797 κε’ρα
914 707 1019 794 ὢγλαέ.
1036 706 1178 774 meliores
1193 707 1273 796 κέρᾳ.
1289 777 1292 780 ,
1311 709 1367 772 In-

314 794 447 860 terdum
472 794 559 860 enim-
578 817 628 860 res
650 795 788 860 revocari
856 797 917 860 test
939 793 980 858 ad
1000 793 1253 873 contractionem,
1269 809 1313 868 ut
1329 801 1366 858 A

322 883 386 946 345
402 880 461 946 tta
483 881 553 961 φίλ’,
568 881 695 946 ὀπταλέα
717 881 787 968 κρέα
834 905 924 962 μειαι.
947 879 998 946 hic
1021 880 1089 968 κρέα
1113 893 1222 946 estex
1245 879 1365 968 κρίαπα,

323 966 413 1051 κρέεα.
431 975 466 1032 Ε.
482 969 545 1032 221
569 972 641 1050 ἐμῶν
669 971 676 992 '
703 968 752 1032 οάιν
773 968 913 1050 ἐπιβήσεο,
929 967 1000 1056 ὄφρα
1018 967 1100 1046 ἴδηαι.
1121 965 1173 1032 hic
1191 975 1239 1031 est
1254 991 1280 1030 εο
1294 987 1368 1054 pro-

321 1053 497 1120 nuntiando
515 993 762 1121 contrahefflum
784 1055 818 1119 in
840 1053 1085 1142 diphthongum.
1100 1057 1136 1118 A.
1152 1049 1217 1122 276
1239 1057 1307 1118 ἀλλ’
1321 1053 1367 1132 ἐἀ,

320 1136 356 1212 ὥς
377 1146 403 1204 οἱ
416 1149 529 1228 πρῶτα.
552 1163 625 1204 nam
641 1141 673 1207 iu
686 1153 735 1206 est
748 1163 787 1206 ex
803 1141 857 1205 ἔαε.
879 1140 922 1206 sic
936 1152 969 1204 et
983 1147 1023 1204 Θ.
1036 1141 1113 1222 899.
1136 1143 1178 1203 Π.
1195 1141 1258 1226 tal
1279 1151 1313 1204 et
1326 1137 1366 1204 al.

321 1227 365 1290 At
381 1226 496 1293 Β.·16ὄ
517 1229 585 1311 μηδὲ
607 1227 640 1292 ἔα
661 1233 735 1308 νῆας,
753 1227 817 1293 fuit
830 1227 898 1309 μηδέ
911 1231 935 1291 τ’
952 1227 995 1291 ἴα.
1014 1225 1058 1291 sie
1076 1239 1109 1290 et
1129 1248 1159 1290 v.
1176 1227 1249 1291 181.
1271 1239 1305 1292 et
1325 1225 1365 1290 ai.

317 1313 442 1378 Contra
462 1313 566 1379 litters
586 1314 745 1403 gentinus
764 1313 880 1380 excidit
894 1318 925 1377 P.
942 1311 985 1378 16
998 1318 1039 1400 τῷ
1052 1339 1089 1396 με
1104 1311 1136 1376 ta
1158 1312 1239 1388 κλέος
1258 1312 1367 1378 catatu.

320 1396 380 1486 leg.
396 1404 437 1486 τῷ
450 1403 481 1484 μ’
497 1401 551 1466 tota
564 1428 591 1466 κ.
608 1402 656 1466 uti
671 1402 732 1467 Od.
749 1407 792 1467 Θ.
806 1403 872 1471 509
886 1399 962 1479 esth
977 1397 1125 1483 triavps‘y'
1139 1397 1275 1484 ἄγαλμα.
1311 1400 1367 1463 In·

320 1485 445 1550 tendum
456 1510 548 1552 corru
572 1500 606 1552 ta
618 1487 710 1554 lectio
798 1486 995 1552 ¹maticorum
1005 1484 1159 1565 acumine,
1169 1507 1199 1548 v.
1208 1507 1235 1549 c.
1248 1489 1289 1550 Θ.
1301 1487 1369 1555 378

288 1569 290 1574 ’
319 1573 432 1656 γηθήσει
446 1592 611 1661 προφαιενπε
625 1576 688 1640 ἀνά.
703 1597 725 1640 u
747 1575 803 1640 iv.
819 1575 911 1640 Obss.

363 1660 452 1739 Quae
466 1683 539 1725 cum
552 1660 598 1725 ita
611 1661 683 1741 sint,
700 1676 737 1727 ut
750 1661 784 1726 in
797 1675 863 1726 tam
880 1658 987 1726 multis
1000 1658 1075 1724 locis
1089 1657 1204 1739 hiatus,
1220 1682 1262 1723 ex
1275 1659 1366 1748 igno·-

317 1745 438 1810 ratione
457 1746 507 1810 vel
529 1769 569 1810 ex
590 1747 813 1836 depravatione
834 1759 937 1825 uatus,
952 1745 1043 1811 facile
1063 1745 1161 1834 possit
1175 1744 1263 1811 tolli:
1286 1769 1367 1836 quo-

318 1831 376 1896 ties
398 1831 506 1897 hiatus
525 1847 706 1914 occurrunt,
728 1836 770 1901 ab
792 1833 963 1899 Homerico
981 1855 1068 1897 more
1086 1831 1189 1913 ahot,
1211 1832 1366 1899 soliorum

318 1915 393 1982 vero
406 1932 570 2005 poetarum
585 1921 657 1986 usui
670 1921 884 1988 consentanei:
908 1918 1078 2009 probabilis
1098 1919 1200 1984 oritur
1217 1943 1255 1984 su
1295 1920 1366 2001 cio,

318 2003 417 2069 serius
443 2019 500 2070 aut
521 2005 672 2072 lectiones
693 2019 749 2073 aut
773 2007 857 2108 ipsos
882 2030 990 2072 versus
1011 2005 1045 2070 in
1070 2005 1242 2071 Homerica
1319 2019 1368 2075 tos

314 2111 402 2166 esse3
427 2114 508 2190 quae
525 2093 657 2192 'quidem
676 2094 810 2184 suspicio
824 2106 912 2159 tanto
926 2091 1052 2180 gravior
1065 2105 1122 2170 est,
1139 2091 1165 2156 si
1179 2114 1289 2157 versus
1301 2092 1366 2158 aha·

316 2178 883 2355 ttttttttt‘t'tfttttt
899 2177 1367 2354 ffidii‘tfffipiyiffi

314 2347 367 2412 elli
391 2350 484 2416 ticam
497 2350 569 2418 locu
592 2352 750 2418 letandam
764 2353 892 2418 attextis
905 2352 955 2417 vel
969 2350 1127 2439 subjectis.
1208 2367 1212 2372 '

357 2373 439 2508 ,inst
452 2439 558 2504 omnia
600 2463 655 2506 aec
674 2453 843 2540 supersunt
856 2439 934 2519 loca,
950 2437 983 2502 in
997 2438 1114 2527 quibus
1126 2437 1235 2502 hiatus
1246 2437 1280 2502 in
1294 2459 1365 2504 eam

316 2545 425 2589 versus
446 2539 568 2612 partem
584 2545 639 2591 seu
654 2541 820 2592 mononem
834 2526 955 2605 incidit,
970 2525 1003 2590 in
1017 2546 1083 2612 qua
1095 2537 1152 2589 aut
1165 2547 1296 2590 caesura
1310 2525 1366 2591 ad-
1451 2585 1453 2588 .
1500 2575 1501 2604 Ι

311 2609 405 2710 juvat
425 2613 693 2710 pronuntiantem,
717 2627 773 2678 aut
792 2612 1007 2701 pronuntiatio
1030 2611 1180 2691 subsistit,
1200 2611 1272 2698 ipsa
1295 2633 1366 2677 seu-
1500 2615 1501 2638 ¹

315 2709 414 2797 tenue
425 2697 459 2797 td
473 2699 659 2799 postulante.
704 2702 778 2765 Hoc
793 2713 840 2764 est
853 2699 934 2763 illud
947 2720 1058 2786 genus,
1073 2698 1106 2762 in
1126 2719 1191 2784 quo
1205 2700 1367 2764 Herman-

314 2783 358 2862 ni,
385 2807 444 2849 vm
470 2785 649 2866 acutissimi,
672 2785 845 2852 doctrinam
866 2785 1012 2852 lubenter
1033 2785 1207 2850 admittam.
1252 2786 1365 2873 Hujus
1500 2809 1501 2882 Ι

310 2872 437 2958 generis
451 2871 512 2937 alia
525 2884 600 2938 sunt
613 2873 767 2962 exempla,
778 2872 943 2961 inquibus
956 2871 1061 2936 hiatus
1074 2884 1121 2936 est
1134 2869 1168 2934 in
1182 2871 1282 2936 medio
1296 2893 1366 2937 ver-

313 2980 371 3032 su3
400 2971 437 3023 ut
458 2966 494 3024 A.
517 2960 582 3026 565
606 2963 673 3026 ἀλλ’
700 2960 824 3026 ιὀιὲοοοα
850 2959 953 3041 κάθησο
973 2957 979 3047 Ι
998 2962 1056 3044 ἐμῷ
1078 2961 1099 3022 ἴ
1122 2958 1253 3027 ἐπιπείθεο
1274 2959 1361 3044 μύθῳ.

312 3044 379 3114 569
397 3046 447 3109 καί
467 3051 493 3133 ῥ’
517 3048 641 3112 ἀκέοῡσα
665 3049 786 3124 καθῆστο
805 3045 812 3136 Ι
830 3046 1041 3131 ἐπιγνάμψασα
1064 3040 1142 3127 φίλον
1163 3049 1226 3130 κῆρ.
1246 3049 1282 3108 Γ.
1297 3043 1364 3115 376

310 3135 386 3208 κεινὴ
401 3133 428 3196 δὲ
442 3133 597 3216 τρυφάλεια
615 3131 622 3222 Ι
639 3131 690 3215 ἅμ’
709 3132 817 3198 ἕσπετο.
841 3134 963 3200 Ε.·270
981 3139 1037 3194 τῶν
1058 3137 1082 3194 οἶ
1102 3131 1135 3210 tt
1154 3131 1280 3214 ἐγένοντο
1299 3131 1306 3220 Ι
1324 3129 1361 3196 42

899 3219 1028 3370 stc·
1049 3218 1177 3371 ιιι·
1285 3221 1360 3376 ιο

311 3394 350 3452 0.
367 3392 440 3454 402.
456 3393 529 3459 447.
546 3397 589 3460 Π.
603 3393 669 3457 848
682 3391 837 3457 videndae
851 3401 925 3456 sunt
939 3391 981 3456 ad
995 3413 1022 3455 e.
1037 3388 1057 3452 l.
1075 3389 1165 3454 Obss.
1227 3432 1230 3438 ,

357 3478 398 3540 In
412 3475 479 3541 eliis
492 3476 596 3542 hiatus
611 3478 704 3543 estin
719 3475 792 3543 sede
811 3489 941 3565 quarta:
966 3483 1002 3540 A.
1018 3477 1084 3544 578
1097 3475 1182 3560 πατρὶ
1198 3472 1271 3562 phac
1286 3474 1362 3556 ixis-

310 3589 348 3647 γα
368 3563 455 3649 φέρειν
478 3563 531 3628 Διῒ
539 3561 551 3714 Ι
570 3562 641 3651 ὄφρα
654 3569 693 3649 μὴ
709 3564 785 3629 αὖτε.
802 3569 826 3626 l.
843 3567 908 3629 288
927 3564 1056 3649 μαίνεται
1076 3561 1229 3646 ἐκπάγλως
1246 3561 1360 3638 πίσυνος
1467 3639 1469 3646 y

310 3651 363 3714 Διῒ
378 3648 385 3739 Ι
404 3649 504 3715 οὐδέσι
519 3677 580 3714 πει.
596 3657 636 3742 A.
652 3647 694 3720 76
715 3651 782 3715 οἶσιν
805 3652 842 3714 ἐνὶ
862 3651 1014 3741 μεγάροισι
1033 3647 1175 3726 nutriero,
1195 3643 1202 3736 Ι
1220 3646 1272 3734 θαι
1287 3648 1360 3712 ἑπά-

309 3763 380 3824 στῳ.
418 3735 471 3800 Sic
484 3741 522 3803 A.
538 3740 610 3808 790.
628 3745 663 3802 Ζ.
680 3739 752 3802 422.
769 3743 800 3802 Ρ.
815 3739 880 3803 583
893 3751 926 3802 et
938 3736 978 3801 al.
1014 3736 1088 3800 Non
1103 3746 1168 3799 tam
1182 3734 1359 3815 commode,

306 3846 383 3888 cum
405 3823 558 3889 sententia
576 3823 719 3890 nondum
739 3823 828 3906 finita
849 3823 945 3889 sit-e.
962 3819 1005 3889 66
1026 3820 1097 3908 ὄφρα
1116 3821 1167 3904 μὲν
1188 3817 1240 3900 ἥοὲς
1259 3819 1361 3899 ἦνκαὶ

308 3911 412 3990 difusa
431 3907 438 4000 Ι
458 3912 524 3997 ἱερὸν
537 3907 622 4000 ἧμας.
674 3989 677 3996 Δ
1085 3935 1089 3998 j
1321 3913 1323 3920 ⁴

304 4041 307 4046 ·
353 3997 602 4084 Interprimum
624 4011 656 4062 et
678 3996 852 4082 secundum
865 3996 996 4084 pedem:
1022 3999 1046 4057 Ι.
1063 3995 1129 4062 247
1141 3994 1208 4056 otta?
1223 3989 1289 4070 ἄνα,
1309 3990 1361 4079 Ιεῖ

305 4084 429 4168 μέμονάς
451 4111 498 4172 γε.
520 4087 558 4148 O.
574 4086 639 4152 227
661 4083 760 4147 ἔπλετο
779 4082 785 4172 Ι
804 4082 862 4146 ὅττι
883 4084 1024 4170 τάχιστα.
1055 4085 1086 4143 Ρ.
1105 4081 1171 4144 58ss
1189 4075 1312 4144 Φαίνοπι
1330 4077 1340 4166 Ι

182 4250 185 4254 .
305 4172 433 4258 Ἀσιάδγ.
509 4193 515 4198 ·

351 4257 428 4321 Dixi
444 4255 513 4342 jam
533 4257 575 4321 ab
596 4255 752 4335 initio,·ab
773 4256 833 4325 hac
854 4221 1240 4342 disputationesejunctos
1252 4261 1286 4316 et
1299 4272 1362 4314 ex·

305 4340 416 4430 clusos¹
433 4363 499 4406 esse
523 4356 642 4408 ceteros
667 4357 738 4430 post
765 4345 943 4408 Homerum
969 4352 1096 4427 postest
1124 4348 1256 4425 excepto
1286 4336 1361 4402 He-
