2998 5052
481 326 550 392 nn
572 325 722 392 mmo.
744 333 782 394 c.
798 281 851 394 si.
1128 331 1191 400 aar

145 497 320 564 demannus
334 513 440 564 noster
453 512 500 564 est
522 499 697 568 adeundus.
734 495 934 583 Empedoclea
946 525 987 568 au
1002 501 1117 570 diserte
1131 506 1192 572 hoc

144 584 244 672 egerit
256 585 290 650 in
304 585 441 650 carmine
455 609 513 650 suo
527 586 567 650 de
582 588 718 666 Natura,
729 603 767 652 ut
780 585 905 653 fabulas
917 588 1062 677 antiquas
1072 591 1193 658 refelle-

143 684 203 771 ret,
218 668 422 773 perspicuum
434 672 512 738 mihi
534 695 597 738 non
611 687 679 772 est3
701 673 810 773 potuit
830 687 937 740 autem
956 675 1144 768 implicitum
1158 680 1192 780 id

143 759 1085 931 ltttffifflnllhtllntttt‘nffllft
1092 789 1193 964 ¹¹⁹¹}ss

142 954 216 997 nem
238 957 296 1022 per
315 935 442 1012 Jovem,
458 947 573 1000 terram
593 957 651 1033 per
669 936 842 1015 Junonem,
858 957 961 1002 aerem
979 960 1038 1025 per
1058 940 1192 1004 Ἀἰἳωνεα

142 1031 175 1087 et
195 1042 312 1106 aquam
333 1043 391 1108 per
411 1025 520 1098 Νῆστιν
541 1020 727 1108 designavit,
751 1019 877 1122 (fragm.
900 1046 951 1112 ap.
973 1025 1134 1113 Athenag.
1156 1027 1190 1091 in

143 1105 184 1171 de
206 1121 303 1173 recat.
320 1131 343 1171 s.
359 1110 428 1192 28.)
448 1131 486 1171 eo
507 1107 577 1195 ipso
594 1107 637 1173 ad
658 1107 734 1172 alias
750 1107 913 1198 opiniones
930 1134 1062 1176 avocare
1078 1111 1190 1178 debuit

141 1215 184 1258 au
209 1192 315 1259 'entes
359 1195 406 1258 Et
419 1192 546 1259 omnino
560 1217 617 1282 per
629 1193 687 1260 hos
700 1193 914 1284 philosophos,
929 1196 984 1284 qui
999 1197 1135 1264 carmine
1149 1199 1190 1264 de

141 1292 256 1346 natura
276 1303 383 1345 rerum
408 1279 614 1360 tradiderant,
635 1281 773 1347 evenisse
793 1281 1004 1370 suspicor,·ut
1024 1285 1190 1372 frequente

137 1365 207 1452 jam
227 1381 343 1432 conatu
364 1367 490 1455 mythos
510 1367 658 1455 antiquos
678 1367 807 1457 physice
832 1368 1033 1456 sapientiores
1053 1395 1190 1460 expone-

141 1465 232 1528 rent;
256 1453 356 1519 sen‘us
375 1478 529 1520 accessere
549 1453 621 1535 alia,
646 1455 680 1518 in
701 1453 818 1542 quibus
839 1456 962 1536 etheo,
984 1457 1073 1545 quod
1100 1459 1189 1547 apud

141 1538 290 1604 barbaras
342 1563 446 1628 uoque
466 1551 576 1628 gentes
597 1553 741 1606 naturam
770 1564 877 1606 rerum
897 1542 993 1608 modo
1013 1567 1071 1632 per
1091 1545 1186 1610 deum

141 1626 237 1726 modo
251 1635 308 1714 per
319 1565 414 1726 deam
428 1627 521 1692 variis
542 1628 643 1727 modis
666 1626 838 1728 exhibitam
850 1628 1140 1731 animadverterant
1153 1632 1187 1732 ii,

140 1714 1188 1899 bnrnfflrqsrr

140 1887 368 1974 pambus-inter
381 1889 530 2038 Pelasgos
544 1900 577 1952 et
600 1887 750 1954 Hellenes
763 1888 913 1976 vulgatae
935 1905 1035 1970 erant,
1050 1904 1126 1956 nota
1142 1915 1188 1957 es-
1228 1951 1233 1958 .

141 1997 173 2038 se
187 1988 331 2062 potuere.
376 1978 470 2046 Cum,
497 1975 523 2040 is
540 1974 721 2040 incredibile
743 1975 884 2040 studium
905 1978 1050 2058 Homeri,
1065 1999 1188 2044 summa

141 2059 210 2146 ejus
223 2062 403 2142 auctoritas,
420 2076 457 2127 et
469 2061 607 2126 numinis
619 2061 718 2127 instar
738 2062 846 2126 habita
858 2063 1028 2144 veneratio,
1046 2065 1188 2130 homines

141 2162 352 2213 commoverat
369 2172 470 2236 quum
490 2149 677 2236 reprehensa
694 2148 835 2215 refellere
856 2173 920 2214 non
938 2166 1075 2250 possent,
1091 2166 1130 2216 ut
1146 2152 1188 2216 ad

140 2232 330 2300 aliaauxilia
343 2237 556 2323 confugerent.
601 2235 720 2300 Evenit
740 2235 847 2323 itaque
861 2236 927 2302 fere
945 2238 1029 2304 idem
1044 2239 1132 2325 quod
1154 2239 1187 2303 in

140 2319 228 2385 libris
250 2322 471 2386 Hebraeorum
493 2321 597 2401 sacris,
612 2345 748 2421 quorum
768 2321 954 2422 interpretes
974 2324 1137 2412 allegorias
1154 2325 1188 2389 in

141 2407 318 2472 subsidium
340 2422 503 2488 vocarunt,
519 2433 603 2487 cum,
625 2408 820 2496 ignoratione
841 2432 1014 2497 prrscarum
1035 2423 1187 2490 aetatum,
1294 2423 1297 2428 '

139 2493 315 2573 hominum,
330 2519 504 2583 eorumque
518 2519 676 2574 sensuum,
692 2495 734 2560 ad
748 2496 880 2561 verbum
895 2497 1027 2585 antiqua
1037 2496 1190 2584 interpre-

141 2595 255 2661 tantes,
271 2605 388 2648 nonfex
403 2606 496 2648 sensu
511 2583 570 2647 scri
593 2595 707 2662 torum,
724 2582 765 2647 ad
779 2582 880 2647 multa
894 2597 925 2648 et
943 2584 1029 2648 dieta
1047 2598 1081 2649 et
1104 2584 1188 2649 facta

140 2668 346 2749 offenderent,
361 2684 418 2734 aut
442 2670 519 2734 alios
536 2606 702 2734 ollisndisse
715 2669 869 2734 viderent.
914 2670 988 2736 Non
1007 2673 1133 2750 mirum,
1150 2681 1188 2736 ut

140 2778 231 2820 exem
254 2755 286 2820 lo
308 2769 390 2835 utar,
415 2755 590 2836 Philonem,
605 2779 716 2855 graece
737 2756 866 2821 doctum
886 2771 918 2820 et
937 2757 1100 2822 Platonica
1118 2757 1189 2845 phi·
1215 2753 1219 2761 ’

139 2841 229 2930 losop
253 2842 283 2906 'a
299 2842 499 2924 instructum,
520 2846 662 2908 Mosarca
683 2865 770 2908 sacra
790 2856 822 2907 et
839 2859 1005 2931 praecepta
1022 2843 1191 2931 allegorice·

138 2951 319 2994 enar-rasse..

185 3018 221 3080 Is
234 3029 350 3095 tamen,
366 3017 422 3104 qui
443 3016 570 3103 mythos
583 3031 703 3080 veteres
717 3029 749 3080 et
770 3015 810 3080 de
824 3014 884 3080 diis
903 3030 1029 3081 narrata
1042 3039 1099 3115 per
1113 3013 1187 3080 ulle-

139 3102 244 3190 gorias
258 3103 403 3190 physicas
416 3102 651 3190 interpretando
663 3102 865 3189 sequentibus
880 3103 1035 3169 aetatibus
1043 3126 1077 3167 ur
1100 3101 1188 3168 rimis

139 3189 284 3276 praeivit,
299 3189 362 3254 fuit
376 3191 589 3275 Andragoras,
601 3188 656 3276 qui
667 3194 742 3253 Νοῦν
753 3190 819 3267 θεὸν,
829 3204 861 3254 et
874 3211 947 3254 curn
961 3214 999 3254 eo
1013 3191 1065 3256 Ae
1102 3212 1187 3255 erem
1214 3261 1218 3268 ,

138 3292 172 3340 et
188 3279 333 3356 Terram,
348 3277 395 3341 τὸν
410 3275 469 3339 Δία
484 3278 532 3339 καὶ
553 3280 642 3338 Γαῖαν
656 3275 844 3354 inducendo,
859 3275 943 3340 viam
965 3275 1089 3365 aperuit
1108 3275 1192 3357 aliis,

141 3377 179 3427 ut
193 3387 241 3442 ea,
256 3387 338 3464 quae
358 3364 438 3428 Jove
452 3361 581 3448 aliisque
595 3361 655 3426 diis
668 3362 798 3450 indigna
811 3362 845 3426 in
861 3365 1003 3428 Homero
1016 3377 1188 3428 memorata

139 3463 253 3529 essent,
267 3449 523 3536 rnterpretatione
536 3448 570 3512 in
584 3448 680 3518 alium
695 3472 820 3514 sensum
834 3449 1075 3538 detorquerent;
1099 3453 1192 3516 Aua'

141 3560 278 3624 xagorae
314 3536 407 3601 lenita
420 3535 599 3618 Euripidem
612 3535 754 3622 inprimis
772 3536 948 3624 adoptasse,
961 3536 1118 3624 praeclare
1132 3537 1190 3602 do·

141 3625 209 3688 cuit
223 3561 371 3689 Valclien.
385 3623 418 3687 in
434 3621 578 3687 Diatribe
592 3621 705 3710 Eurip.
721 3647 747 3686 c.
765 3625 786 3688 4
800 3636 833 3688 et
845 3627 876 3688 5.

187 3712 300 3799 Ipsum
317 3713 473 3775 Socratem
488 3708 674 3774 Homericos
690 3709 817 3798 mythos
830 3709 994 3796 allegorice
1008 3733 1047 3774 ex
1106 3709 1188 3775 uisse

141 3798 241 3863 aiunt.
288 3799 430 3862 Socrates
443 3795 572 3884 quidem
587 3795 619 3868 in
640 3796 789 3894 Xenoph.
806 3798 906 3860 Mem.
924 3797 1011 3861 Socr.
1022 3798 1046 3860 ,Ι
1071 3845 1080 3876 ,
1097 3795 1129 3876 6,
1146 3799 1194 3860 11:

141 3885 198 3949 ubi
214 3885 254 3948 de
267 3883 466 3949 conciliandis
480 3883 651 3946 amicorum
666 3881 777 3947 stu'dris
798 3883 874 3982 agit,
892 3882 1036 3948 Sirenum
1051 3881 1189 3948 earmina

143 3986 307 4049 memorat,
322 3971 440 4058 quibus
454 3982 604 4057 tanquam
618 3969 854 4035 incantamenus
864 3970 905 4034 ad
921 3967 1114 4034 deliniendos
1122 3967 1189 4033 ani·

143 4081 212 4123 mos
226 4058 380 4124 utendum
396 4058 444 4122 sit.
489 4057 661 4122 Enimvero
674 4057 735 4122 hoc
748 4080 812 4122 non
831 4070 878 4122 est
891 4054 1059 4138 Hmnaum
1073 4055 1188 4141 allego·
1235 4089 1238 4095 ,

141 4147 204 4211 rice
217 4146 408 4228 interpretari
419 4171 430 4208 .·
453 4144 509 4208 sed
522 4144 669 4232 mythum
680 4143 847 4232 antiquum
857 4143 1044 4207 inHomero
1057 4139 1196 4207 obvium*
1233 4191 1236 4196 .

144 4233 292 4296 adhibere
307 4231 347 4295 ad
362 4245 486 4296 sensum
502 4230 597 4294 animi
610 4229 698 4295 suavi
712 4231 818 4318 aliquo
827 4240 1003 4294 commento
1018 4228 1059 4292 ad
1073 4227 1188 4316 allego-

140 4319 240 4386 n'cum
260 4341 379 4384 rnorem
395 4319 548 4402 instructo
570 4317 811 4467 deelarpndum
835 4317 982 4404 huncque
1006 4335 1124 4382 morem
1144 4339 1189 4380 se-

637 4428 658 4472 a
