2998 5052
120 461 1165 512 Μ

281 846 644 937 GODOFREDI
682 785 1015 938 HERMANNl

622 1071 667 1114 DE

185 1233 398 1302 LEGIBUS
421 1237 705 1315 QUIBUSDAM
729 1240 1100 1307 SUBTILIORIBUS
1230 1251 1234 1258 '

427 1427 635 1490 snRMON1s
656 1430 864 1490 HOMERICI

357 1607 718 1679 DISSERTATIO
750 1612 932 1678 PRIMA.

557 1799 638 1850 LlPS.
657 1802 729 1851 tela.

501 2001 784 2058 --÷-·-·

117 2151 379 2261 Honnnns
393 2188 661 2280 quemadmodum
680 2195 845 2262 summus
864 2209 910 2264 at
929 2189 972 2263 ad
990 2197 1088 2266 nau
1128 2221 1166 2268 n·

119 2283 199 2349 dum
214 2281 296 2346 inter
310 2279 475 2369 scriptores
490 2281 639 2361 Graecos,
655 2281 700 2346 ita
713 2282 796 2348 idern
806 2284 881 2370 jure
894 2283 1029 2350 habetur
1047 2287 1080 2360 di
1114 2289 1167 2352 cil-

119 2369 225 2434 limus.
269 2369 354 2432 Nam
376 2367 402 2432 si
423 2366 495 2454 quis
515 2366 548 2430 in
571 2367 751 2433 universum
773 2382 914 2467 quaerat,
934 2393 1016 2456 quae
1037 2395 1166 2461 quoque

83 2511 104 2532 ,v
119 2455 154 2520 in
168 2455 239 2520 loco
252 2453 321 2540 ejus
334 2475 423 2519 mens
438 2453 488 2534 ¹sit,
503 2453 582 2518 nihil
595 2452 649 2518 illo
664 2454 843 2542 simplicius,
858 2455 936 2520 nihil
949 2456 1075 2544 planius
1088 2459 1166 2547 fingi

98 2541 101 2546 ’
119 2553 245 2630 potest3
268 2539 316 2605 sin
330 2562 407 2605 vero
422 2539 597 2606 accuratius
617 2539 740 2628 singula
758 2541 959 2629 pervestiget,
976 2567 1078 2630 neque
1091 2568 1166 2610 eum

119 2641 238 2694 temere
258 2639 316 2691 aut
334 2649 425 2692 voces
446 2648 562 2714 ponere
583 2626 661 2690 nihil
682 2626 900 2726 significantes,
919 2641 977 2694 aut
997 2631 1166 2698 verborum

118 2727 264 2802 tempora
277 2712 450 2800 modosque
463 2713 655 2778 confundere
669 2715 835 2793 exrstimet,
845 2728 910 2780 tam
921 2715 1008 2780 varia
1017 2731 1074 2796 est,
1087 2731 1167 2782 tam.

140 2799 185 2866 be
198 2798 358 2887 implicata
370 2800 439 2887 ejus
453 2798 564 2878 oratio,
579 2811 616 2864 ut
630 2799 684 2864 vix
698 2799 823 2866 initium
842 2801 875 2865 in
898 2801 1032 2882 eruendi,
1047 2803 1165 2870 nedum

118 2825 217 2953 duem
231 2884 378 2952 invenias.
402 2887 476 2950 =Nec
489 2884 613 2950 mirum.
646 2888 755 2951 Sermo
769 2886 852 2951 enim
865 2886 888 2950 li
927 2887 1000 2969 rior,
1016 2910 1073 2952 nec
1087 2889 1166 2954 dum

118 2987 177 3038 aut
191 2973 268 3038 artis
281 2971 472 3060 quibusdem
493 2971 666 3070 praeceptis
686 2972 850 3052 formatus,
865 2985 932 3053 aut,
947 2987 986 3038 ut
998 2987 1108 3062 postea
1120 2977 1167 3040 fa

118 3073 221 3140 ctum,
233 3082 293 3124 usu
307 3056 371 3123 huc
385 3057 435 3122 vel
448 3057 524 3123 illuc
537 3056 704 3124 inclinante
718 3059 903 3124 constrictus
915 3072 1164 3149 occentusque,

118 3147 274 3237 plurimas
293 3144 390 3211 habet
411 3158 444 3211 et
463 3166 617 3232 perquam
640 3143 769 3210 subtiles
790 3144 955 3211 notionum
977 3146 1167 3212 enunciatio-

118 3255 263 3320 numque
284 3230 436 3297 rationes:
460 3253 540 3319 quas
560 3229 689 3329 quidem
713 3230 904 3330 cognovisse,
926 3245 1072 3320 recteque
1095 3257 1166 3322 per.
1234 3224 1240 3236 '

119 3334 243 3410 spectas
255 3318 383 3399 habere,
398 3328 486 3384 tanto
499 3339 599 3404 magis
613 3339 819 3382 necessarium
833 3330 891 3398 est,
902 3318 991 3405 quod
1004 3319 1106 3386 omnis
1119 3343 1168 3386 re-

119 3406 296 3474 centiorum
318 3427 421 3469 sermo
441 3426 481 3468 ex
502 3403 551 3468 his
592 3403 660 3468 ussi
680 3403 838 3469 radicibus
859 3404 1002 3470 effloruit.
1048 3408 1166 3486 Quam-

118 3495 230 3560 obrem
244 3489 300 3578 qui
314 3489 549 3578 grammaticam
600 3489 777 3570 omericam,
789 3514 872 3578 quae
884 3490 1014 3578 quidem
1028 3506 1059 3556 et
1073 3492 1168 3580 plena

119 3581 172 3659 sit,
191 3591 225 3644 et
245 3577 403 3642 erroribus
421 3599 531 3655 vacua,
547 3575 733 3656 condiderit,
752 3600 826 3642 eum
847 3577 1076 3664 propemodum
1098 3579 1168 3658 uni-

120 3688 230 3732 versae
256 3661 384 3750 linguae
410 3664 549 3728 Graecae
572 3673 718 3727 naturam
743 3662 894 3728 rationem
916 3686 957 3728 ue
981 3663 1167 3752 explicuisse

119 3749 266 3818 dixerim.
311 3751 360 3814 At
380 3748 528 3814 nimirum
548 3749 609 3814 hoc
630 3747 670 3812 ali
693 3760 790 3814 nauto
810 3747 876 3813 diffi
895 3748 901 3761 ’
917 3749 966 3815 'us
988 3763 1047 3832 est,
1069 3773 1166 3838 quam

119 3839 226 3904 visum
238 3848 286 3902 est
300 3858 402 3922 nuper
417 3835 538 3900 Frider.
550 3834 680 3900 Thierec
705 3833 746 3914 'o‚
757 3833 825 3900 viro
839 3837 1025 3923 praestantis
1037 3836 1164 3925 ingenii,

120 3924 272 4011 mihique„
281 3921 378 3987 veteri
396 3920 622 3986 necessitudine
641 3920 903 4007 conjunctissimo.
949 3925 1050 4002 Quem
1065 3944 1166 4010 quum

119 4011 261 4079 viderem
282 4009 316 4074 in
337 4008 413 4086 actis
433 4006 666 4096 philologorum
684 4008 923 4074 Monacensium
940 4008 981 4074 de
997 4009 1166 4074 verborum

120 4096 235 4177 modis,
252 4094 370 4182 quibus
390 4095 477 4193 apud
499 4097 677 4159 Homerum
699 4105 840 4194 tempora
860 4108 892 4160 et
912 4117 1038 4160 caussae
1058 4117 1164 4159 rerum

121 4182 311 4261 indicantur,
326 4180 371 4246 ita
384 4180 570 4270 disputasse,
584 4191 632 4259 ut,
647 4203 791 4266 quamvis
805 4181 905 4258 multa
923 4192 1015 4248 acute
1036 4179 1165 4245 dissere-

121 4284 182 4348 ret,
198 4283 304 4334 temen
317 4267 350 4332 in
370 4266 419 4347 iis,
433 4289 515 4353 quae
530 4265 619 4354 quasi
641 4266 847 4348 fundamenta
866 4281 940 4330 sunt
958 4265 1056 4354 hujus
1069 4289 1165 4352 quae-

123 4355 241 4437 stionis,
256 4377 374 4432 aveto,
390 4359 504 4440 ut'ego
518 4351 646 4441 quidem
667 4351 812 4432 arbitror,
826 4351 968 4418 nonnihil
988 4351 1162 4420 recederet:
