2998 5052
322 373 388 438 202
712 368 964 436 EXCURSUS

242 573 245 582 ·
344 541 471 610 reclivis
492 565 558 610 esse
578 541 716 610 debuere
732 554 770 610 ut
791 541 1003 630 exprimerent
1022 562 1060 608 ee
1080 539 1119 606 iis
1139 541 1222 608 sonis
1243 563 1281 607 ac
1302 561 1371 606 ver·

320 567 381 710 lis,
407 629 523 718 quibus
544 629 603 717 ipsi
624 629 762 698 maxime
781 643 883 698 essent
903 628 1027 696 assueti.
1072 629 1170 694 Forte
1190 627 1371 694 mirandum

321 717 429 808 potius
446 732 498 786 est·
515 716 586 796 hoc,
602 718 689 805 quod
706 717 769 785 alia
790 716 943 786 nonnulla
958 715 1154 804 reliquerunt
1173 715 1281 782 Ionioe
1298 735 1371 804 pro·

323 803 468 872 nuntiate
482 817 514 870 et
527 804 650 893 scripta
1339 827 1343 836 ’

364 895 414 958 At
443 906 584 980 superest
611 890 708 971 aliud,
739 891 827 991 quod
851 890 911 957 sibi
936 890 1123 980 persuasisse
1148 889 1232 954 viros
1261 890 1372 955 doctos

321 976 425 1059 video,
440 991 478 1044 ut
492 977 660 1044 dialectum
683 979 824 1045 Iomcam
846 977 981 1044 Homeri
999 977 1161 1043 aestiment
1180 1001 1221 1042 ex
1236 976 1371 1042 dialecto

322 1065 432 1131 Ionica
451 1064 645 1146 Herodotea,
671 1064 865 1154 alteramque
884 1087 923 1130 ex
942 1065 1042 1131 altera
1061 1063 1263 1143 constituant,
1286 1085 1371 1127 com-

320 1151 482 1241 paratione
495 1151 587 1218 facta.
634 1151 790 1219 Convenit
812 1151 977 1240 utriusque
990 1147 1070 1216 ratio
1092 1163 1125 1216 et
1143 1173 1221 1216 usus
1237 1150 1270 1214 in
1292 1171 1371 1214 non-

321 1237 427 1318 nullis,
443 1252 480 1304 ut
493 1238 526 1303 in
539 1238 609 1327 ipso
623 1238 785 1327 augmenti
798 1239 945 1315 defectu3
971 1239 1128 1304 enimvero
1147 1237 1181 1302 in
1202 1237 1271 1302 aliis
1290 1235 1372 1301 mul-¹

322 1326 362 1391 tis
375 1348 504 1413 prorsus
518 1324 641 1390 diversa
654 1325 737 1392 inter
757 1349 789 1392 se
803 1338 990 1426 sequuntur.
1035 1326 1088 1391 Ite
1103 1347 1205 1391 unum
1219 1323 1371 1412 estquod

320 1412 457 1478 maxime
479 1411 675 1478 mirationem
695 1411 782 1492 facit,
803 1411 927 1478 omissio
947 1421 996 1478 τοῦ
1022 1419 1052 1476 ιῦ
1077 1411 1179 1476 finalis
1201 1411 1236 1476 in
1264 1413 1370 1476 Hero-

321 1499 418 1575 doto3
441 1522 472 1564 v.
483 1523 509 1565 c.
526 1502 561 1576 ὥς
575 1499 692 1586 λέγουσι
708 1505 732 1565 ri
745 1499 907 1584 ΑΙγῖαπτιοι.
926 1499 1083 1583 ἀπεδήμησε
1103 1497 1167 1562 ἔπεα
1190 1498 1268 1568 δέκα.
1307 1499 1370 1563 At-

320 1587 376 1674 qui
397 1587 458 1652 hoc
472 1585 550 1652 edin
572 1585 750 1652 Homericis
771 1585 937 1674 diligenter
958 1598 990 1651 et
1007 1584 1126 1672 ubique
1147 1583 1370 1673 interpositum

320 1673 418 1740 estin
436 1673 528 1738 simili
541 1673 710 1738 verborum
725 1671 842 1773 positu.
888 1671 985 1740 Dicas
1005 1670 1168 1761 probabile
1181 1695 1258 1752 esse,
1273 1672 1369 1738 etiam

319 1758 353 1825 in
383 1759 561 1826 Homericis
582 1763 613 1826 τὸ
635 1767 666 1826 ιῦ
693 1759 942 1840 ohmexulssse,
964 1783 1021 1826 nee
1049 1757 1109 1822 nisi
1130 1758 1244 1825 seriore
1258 1781 1371 1912 nppemr

1305 1859 1369 1910 iem

193 1917 198 1934 ι
318 1847 443 1913 illatum
456 1871 541 1912 esse:
566 1860 603 1911 ut
616 1847 650 1912 iu
665 1846 861 1946 Hippocrate
874 1847 995 1913 factum
1008 1859 1075 1912 esse
1088 1844 1242 1925 videmus,

320 1933 352 1998 in
376 1933 484 2000 editis:
508 1932 599 2021 ejecit
617 1947 722 1999 tamen
739 1933 821 1999 1llud
841 1955 944 2034 nuper
961 1931 1188 2016 eruditissimus
1207 1934 1313 2022 Coray
1336 1933 1369 1998 in

320 2019 401 2085 libro
419 2018 460 2085 de
480 2043 566 2086 aere:
593 2021 649 2108 qui
664 2021 840 2086 Ionismum
864 2034 959 2086 etram
985 2021 1019 2085 in
1039 2019 1107 2086 aliis
1127 2019 1274 2086 restituit.
1320 2021 1369 2086 At

320 2106 403 2171 enim
425 2107 549 2173 admitti
569 2107 630 2172 hoc
651 2109 772 2196 nequit,
791 2105 1049 2196 quandoquidem
1070 2131 1108 2172 eo
1128 2107 1243 2173 omisso
1263 2106 1371 2172 hiatus

318 2193 498 2273 existerent,
513 2194 571 2260 hos
584 2207 691 2274 autem
705 2218 779 2260 enm
794 2195 923 2262 sollicite
936 2217 1056 2274 cavere,
1071 2193 1208 2267 evictum
1222 2194 1298 2260 dedi
1312 2218 1369 2283 per

319 2279 511 2348 declaratum
526 2281 677 2370 digammi
691 2301 785 2348 usum
804 2296 876 2348 ante
897 2282 974 2348 haec
995 2281 1205 2347 obliteratum.
1252 2283 1369 2370 Itaque

319 2369 481 2435 Homerus
496 2367 550 2434 vix
568 2369 773 2458 pronuntiare
784 2369 916 2470 potuit:
940 2370 979 2453 μή
1004 2395 1049 2448 σε,
1066 2368 1158 2454 γέρον,
1173 2366 1284 2454 κοΐλῃσι
1300 2368 1368 2455 ἐγὼ,

318 2467 375 2521 aut
403 2455 460 2536 τόξ’
482 2454 581 2540 ὤμοισι
604 2455 686 2542 ἔχων.
732 2456 820 2536 de
840 2456 937 2544 igitur
957 2457 992 2521 in
1006 2454 1060 2520 udi
1080 2454 1288 2542 ambiguitate
1310 2469 1370 2522 sta-

318 2542 473 2607 tuendum
495 2542 576 2607 erit?
599 2541 773 2608 Verisimile
793 2544 841 2624 fit,
866 2543 947 2610 illud
967 2548 998 2608 N
1019 2541 1112 2608 finale
1133 2542 1174 2608 ab
1197 2541 1274 2642 ipsis
1295 2567 1370 2632 poe-

318 2626 437 2693 nesea
451 2651 471 2692 a
491 2629 656 2715 rhapsodis
669 2653 735 2694 esse
754 2631 942 2718 profectum,
958 2653 1016 2695 nec
1034 2641 1140 2694 temen
1156 2627 1216 2694 nisi
1233 2629 1269 2694 iu
1286 2631 1368 2720 ejus-

319 2713 405 2778 modi
422 2715 597 2787 verborum
609 2716 726 2803 positu,
746 2740 819 2781 cum
839 2718 906 2782 duo
925 2715 1046 2784 vocales
1065 2740 1098 2782 se
1115 2717 1308 2804 exciperent,
1332 2731 1369 2783 ut

318 2800 422 2866 hiatus
443 2801 617 2868 molestiam
638 2801 791 2869 tollerent
813 2804 933 2884 'Quod
956 2803 982 2868 si
1000 2805 1061 2869 hoc
1081 2803 1289 2886 admittimus,
1305 2827 1368 2870 non

318 2899 423 2954 tamen
437 2889 584 2955 effectum
598 2904 656 2970 est,
671 2905 709 2957 ut
723 2897 770 2955 Νῢ
783 2890 865 2956 illud
878 2893 972 2958 etiam
987 2891 1166 2980 appositum
1179 2915 1248 2957 esse
1261 2892 1368 2958 creda·

318 2983 390 3042 mus
404 2975 437 3041 in
455 2977 518 3042 fine
536 2977 621 3043 vocis
638 2991 711 3043 ante
729 3001 896 3044 consonam
919 2978 1004 3044 vocis
1023 2977 1180 3067 sequentis
1193 2979 1236 3044 ad
1273 2979 1370 3045 rodu-

318 3063 449 3130 oendam
474 3063 613 3130 vocalem
635 3064 774 3146 brevem,
795 3089 893 3154 quam
914 3066 983 3156 ipso
997 3066 1066 3154 jam
1085 3077 1161 3130 tono
1180 3004 1370 3155 prodirctam

317 3175 383 3216 esse
396 3164 538 3240 apparet,
553 3176 583 3216 v.
594 3175 621 3216 c.
642 3150 755 3217 ἔδδεισεν
775 3153 802 3216 δὲ
826 3152 924 3240 γέρων.
947 3153 988 3218 de
1007 3176 1073 3241 quo
1090 3153 1203 3218 merito
1221 3153 1369 3220 dubitare

317 3237 408 3303 licet:
432 3262 462 3302 v.
478 3241 613 3304 Excurs.
631 3239 680 3303 ΙΙ.
695 3238 738 3304 ad
752 3245 787 3304 Β.
805 3241 877 3308 718.

363 3327 446 3390 Sunt
464 3324 535 3404 alia,
551 3325 584 3390 in
604 3326 721 3413 quibus
739 3327 780 3392 ab
805 3326 996 3392 Herodoteis
1016 3326 1186 3392 Homerica
1204 3325 1368 3393 differunt„

318 3413 360 3476 In
386 3411 552 3476 Herodoto
569 3412 741 3502 composita
763 3437 834 3478 oum
853 3417 942 3493 κατὰ,
957 3418 1041 3496 μετὰ,
1064 3428 1136 3479 ante
1154 3412 1296 3480 vocalem
1314 3414 1369 3480 ad-

317 3496 466 3588 spirotem
474 3493 615 3565 ‘retinent
628 3503 659 3565 τὸ
674 3506 748 3581 Ταῦ,
764 3501 852 3588 quod
864 3501 903 3566 in
919 3502 1072 3580 Homero,
1088 3513 1126 3566 ut
1141 3513 1174 3567 et
1191 3500 1226 3566 in
1239 3501 1367 3590 vulgari

316 3585 466 3666 oratione,
482 3587 546 3650 rud
572 3588 657 3662 ab1t3
680 3601 736 3667 tta,
757 3587 946 3672 noerlmapar,
964 3593 1129 3676 καταιρέειν,
1149 3592 1286 3653 κατελεῖν.
1314 3615 1369 3652 αα·

315 3672 436 3756 viperea
460 3672 537 3738 κατά
558 3701 592 3738 πε
610 3722 617 3738 .
633 3673 822 3758 polvcarpus,
838 3673 961 3758 μετίημι.
1008 3674 1059 3740 Sic
1077 3687 1111 3740 et
1134 3675 1198 3739 ἀπό.
1212 3675 1280 3739 tel.
1305 3675 1366 3740 ὑπό.

316 3757 486 3844 ἀπηγέομαι.
502 3702 641 3830 hirriat.
663 3761 841 3845 ἀπικνὲομαι,
855 3761 1014 3826 &seriolae
1035 3761 1199 3840 ἀπιστάναι,
1215 3771 1248 3825 et
1262 3761 1366 3830 ἐπιὲιαι

315 3868 376 3933 pro
391 3845 502 3927 ἐφιέναι,
521 3846 592 3929 (οὐδ’
608 3845 638 3923 ἢν
653 3852 666 3910 ὁ
686 3848 792 3912 Λάκων
807 3846 867 3936 ἐπίῃ
882 3873 924 3913 ποι
943 3846 1042 3936 ἄρχειν
1055 3851 1150 3927 αὐτῆς,
1164 3851 1240 3931 ἡμεῖς
1261 3847 1365 3926 ἐπήσο-

314 3953 366 4017 μεν
389 3933 544 3998 Herodot.
565 3933 645 3997 VII.
671 3932 750 4020 161)
776 3935 875 3999 iriam.
901 3934 1033 4000 ὑπίεσθαι.
1054 3933 1231 3998 celerarius.
1256 3933 1363 4020 ὑπηγέ-

317 4021 403 4086 etas.
448 4021 495 4085 Et
515 4042 556 4084 ne
572 4019 681 4084 credas
700 4019 852 4109 scriptum
869 4019 966 4086 fuisse
984 4018 1097 4108 spiritu
1114 4018 1177 4084 leni
1195 4021 1364 4096 ἰπῖιιὲσθαις

314 4106 491 4172 memineris
504 4129 665 4172 occurrere
680 4109 720 4171 ἐπ’
736 4107 846 4196 tpe'gp,
861 4110 925 4172 κατ’
940 4106 1050 4197 ipim,
1065 4109 1107 4170 ἐπ’
1121 4107 1212 4171 ἵππου.
1236 4109 1278 4171 ἐπ’
1293 4115 1363 4171 iero·-

315 4200 371 4270 τῆς.
388 4195 451 4258 κατ’
465 4193 571 4270 ὕδατος.
618 4194 672 4258 Ite
688 4216 823 4282 ¹quoque
842 4198 892 4258 οὐκ
913 4193 963 4258 olel
984 4220 1025 4258 σε,
1049 4197 1099 4258 οὐκ
1118 4192 1223 4277 ὁμοίως.
1250 4196 1299 4258 ἀπ’
1318 4191 1360 4271 ed,

316 4282 357 4344 ἐπ’
368 4279 516 4346 i'ror—iarl
530 4279 586 4345 riri
598 4307 658 4370 περ.
703 4283 750 4347 Et
766 4293 936 4348 occurrunt
950 4279 1101 4368 simplicia
1114 4283 1216 4364 ἥμενοι,
1233 4280 1292 4346 etsi
1310 4306 1361 4345 rra-
