3026 5056
311 347 354 410 12
665 337 918 407 EXCURSUS
941 336 1020 402 VI..

311 514 502 590 contrarium
515 516 632 601 ἀτιμᾷν,
648 514 735 602 quod
756 510 882 600 proprie
904 523 951 575 est
974 511 1114 575 honorem
1136 529 1195 573 noa
1217 507 1356 585 tribrcere,

311 615 361 669 est
380 624 507 690 quoque
523 602 659 684 praernio
677 601 807 684 pacare.
853 600 927 662 Hoc
949 609 996 661 est
1015 595 1096 660 illud
1115 594 1202 693 quod
1216 591 1359 658 Achilles

311 688 504 776 indignatur,
519 686 608 774 quod
622 688 707 774 γέρας
721 685 781 774 ipsi
799 696 847 748 est
868 696 1028 772 ereptum:
1053 682 1140 747 unde
1152 681 1218 769 ipse
1233 697 1280 744 est
1293 677 1360 743 άτι-

312 801 364 859 μος
378 780 414 838 Α.
431 776 493 842 171
509 796 631 838 manere
648 775 796 856 pacatas,
818 770 934 858 injuria
955 785 1002 834 est
1023 768 1136 852 ἀτιμία,
1158 779 1190 832 et
1210 766 1277 855 ipse
1295 773 1357 843 ητι-

312 861 391 946 μήθη
438 859 489 925 Sic
503 865 540 925 A.
556 857 675 925 355211
695 860 753 945 γάρ
773 861 803 941 μ’
817 856 959 941 Ἀτρείδης
976 855 1117 939 ἠτίμησεν·
1140 853 1208 918 incia
1222 858 1280 939 γάρ
1296 851 1357 936 ἔχει

312 946 400 1056 iil*
414 947 496 1021 αὐτὸς
507 946 637 1034 ἀπούρας.
660 948 706 1010 Et
717 945 750 1009 in
760 943 863 1010 verbis
877 942 1043 1008 Thersitae
1053 941 1093 1005 de
1104 942 1357 1028 Agamemnone:
1458 968 1460 976 ι

314 1059 341 1107 ος
348 1031 406 1102 ,nai
419 1037 463 1097 νῦν
475 1031 786 1118 Ἀχιλῆα-ἠτίμησεν.
803 1029 872 1094 iada
883 1035 940 1116 γὰρ
957 1029 1017 1115 ἔχει
1032 1028 1117 1115 γάμοις
1132 1029 1214 1100 αὐτὸς
1228 1027 1357 1111 ἀπούρας.

313 1120 380 1182 Pro
393 1141 431 1182 eo
444 1117 564 1182 dictum
578 1120 650 1182 οὐδὲν
666 1118 740 1182 ἵτισε
754 1121 790 1180 A.
802 1119 981 1182 sla-Est
995 1114 1096 1197 ἀτιμία
1109 1136 1210 1202 genus
1225 1110 1327 1200 ὕβρεως
1341 1131 1359 1175 e

314 1203 456 1270 doctrina
470 1202 649 1270 Aristotelis
663 1205 759 1268 Rhet.
777 1205 825 1269 11.
843 1206 872 1268 2.

358 1292 426 1357 Ubi
439 1303 545 1357 autem
564 1289 680 1378 injuria
692 1290 871 1356 vindicatur
884 1302 916 1354 et
929 1289 1030 1364 honor
1049 1311 1085 1354 ac
1106 1286 1243 1389 dignitas
1257 1308 1360 1351 serva-

314 1392 368 1444 tur
381 1379 431 1444 vel
444 1390 667 1465 recuperatur:
690 1382 757 1460 τιμὴ
772 1390 820 1442 est
835 1377 920 1442 altio.
943 1380 1028 1462 τιμᾷν
1046 1375 1160 1440 alciaco
1181 1373 1298 1455 τίμησόν
1311 1397 1360 1455 μοι

314 1467 369 1531 clia
389 1469 427 1531 A.
446 1468 519 1530 505.
566 1463 617 1530 Sic
636 1467 709 1534 559.
732 1468 773 1528 Θ.
795 1466 868 1532 672.
892 1469 926 1526 Β.
947 1465 977 1526 4.
1000 1467 1045 1526 0.
1060 1463 1112 1531 77.
1134 1466 1176 1525 Π.
1197 1461 1271 1528 227.
1294 1459 1361 1548 ipse

316 1551 454 1640 Chryses
474 1550 516 1616 ad
535 1551 717 1640 Apollinem
740 1550 780 1613 Il.
796 1554 835 1612 A.
852 1552 916 1614 454
936 1548 1059 1631 τίμησας
1080 1550 1131 1631 μὲν
1152 1548 1214 1631 ἐμὲ,
1235 1545 1317 1633 μέγα
1337 1547 1359 1610 δ’

313 1635 384 1720 ἴψαο
398 1640 468 1702 λαιὸν
479 1640 617 1724 Ἀχαιῶν.
634 1637 694 1702 hoc
708 1659 800 1700 sensu
815 1647 862 1700 est
876 1658 1003 1722 quoque
1017 1633 1154 1700 dictum:
1171 1632 1213 1697 ad
1228 1633 1361 1720 Trojam

315 1745 348 1788 se
362 1724 481 1788 venisse
495 1730 576 1806 τιμὴν
590 1724 730 1810 ἀρνύμενοι
745 1722 885 1786 Merenda
899 1726 936 1784 A.
954 1723 1027 1790 159.
1043 1720 1099 1786 ubi
1113 1744 1142 1783 v.
1156 1720 1361 1804 Οὔτοι-τιμὴ

315 1823 363 1875 est
377 1811 483 1888 molta,
498 1831 579 1896 quae
593 1821 774 1918 compensat
787 1785 934 1896 injuriam
949 1807 1011 1872 Od.
1027 1812 1066 1871 X.
1082 1809 1134 1872 55.
1147 1806 1199 1872 56.
1212 1809 1264 1876 57.
1280 1809 1361 1891 τιμὴν

315 1899 403 1996 ἀμφὶς
424 1894 537 1980 ἄγοντες
559 1900 743 1974 ἐεικοσάβοιον
765 1893 1003 1970 innocua-aisn
1025 1905 1073 1960 est
1093 1895 1170 1958 satia
1186 1893 1306 1977 facere,
1329 1905 1362 1958 et

314 1988 381 2066 τιμη
404 1995 452 2047 est
471 1985 540 2064 ipsa
558 1983 706 2065 placatio,
728 1979 861 2081 isanriae
882 1982 1043 2064 reparatio.
1088 1981 1210 2046 Juncta
1222 2004 1295 2045 cnm
1312 1980 1361 2046 his

315 2069 402 2133 notio
420 2067 581 2156 dignitatis
602 2080 635 2133 et
653 2069 791 2148 honoras,
806 2066 973 2143 vindicati3
997 2068 1082 2133 unde
1100 2089 1185 2132 nunc
1199 2070 1362 2132 honorata

315 2155 470 2220 Achilles.-
492 2155 685 2239 πολυτίμητος.
730 2157 807 2219 Jam
830 2167 985 2241 quatenus
1002 2153 1121 2219 ultione
1139 2153 1208 2241 ipsa
1225 2152 1363 2241 dignitas

315 2253 500 2329 recuperata
520 2240 614 2306 etiam
635 2241 736 2329 magis
756 2240 897 2316 enitescit
916 2253 949 2306 et
962 2241 1142 2320 illustratur,
1160 2240 1276 2304 mirum
1297 2262 1361 2304 non

316 2339 364 2392 est
377 2333 458 2412 τιμὴν
473 2327 516 2393 sic
536 2328 652 2393 habere
673 2327 832 2393 notionem
853 2327 1070 2403 accessoriam;
1095 2326 1361 2413 quemadmodum

316 2427 348 2479 et
363 2418 429 2498 τιμὴ
444 2427 492 2479 est
504 2436 563 2503 pro
577 2415 705 2481 victorio
720 2414 758 2479 11.
777 2418 815 2478 Ο.
831 2413 904 2481 612.
928 2413 996 2503 pari
1015 2413 1111 2478 modo
1125 2416 1202 2490 κῦδος
1216 2412 1269 2479 illa
1287 2412 1363 2477 dici-

317 2513 387 2566 tur:
410 2501 526 2589 quibus
541 2500 652 2566 similia
665 2523 756 2589 saepe
769 2501 802 2565 in
817 2500 955 2566 Pindaso
968 2512 1146 2566 occmrunt.

360 2589 540 2698 Occurrunt
559 2587 636 2653 haec
657 2588 783 2700 proprie
803 2587 837 2652 in
857 2611 966 2654 caussa
979 2586 1132 2664 Achillis;
1156 2609 1229 2651 nam
1246 2586 1363 2688 alioqui

316 2700 434 2760 ατιμμν,
452 2677 610 2758 ἀτιμάζειν,
625 2701 737 2759 οιτιμια,
753 2699 826 2740 cum
845 2675 964 2755 ceteris,
979 2673 1103 2826 vg‘lgari
1122 2697 1250 2762 quoque
1269 2672 1364 2774 sigm-

316 2761 413 2826 ficatu
433 2772 612 2841 occurrunt,
631 2773 668 2826 ut
689 2761 752 2826 sint
765 2763 975 2828 contanaeliose
1055 2783 1113 2843 cre,
1132 2761 1311 2826 contanaelto
1332 2772 1363 2826 et

316 2845 429 2999 liiii
444 2846 583 3000 fdss‘ft
592 2849 803 3024 affl
803 2872 849 3002 ,3
857 2871 914 2933 ¹³⁰³
916 2850 1048 3002 16111
1055 2857 1222 2999 tt‘n‘t
1233 2847 1363 3004 '‘32³3ss

316 2955 434 3109 iilysse
448 2983 563 3092 redu’ce
578 2984 640 3087 Od.
655 3028 692 3086 Ψ.
708 3027 761 3088 28.
784 3028 826 3087 Π.
843 2959 1006 3091 2741161111.
1022 2963 1065 3089 di
1077 2963 1231 3109 liidptuno
1244 2984 1306 3085 Od.
1321 3025 1361 3086 N.

317 3109 390 3172 141.
407 3110 437 3170 2.
460 3106 529 3194 ipsa.
551 3107 664 3171 Thetis
685 3130 718 3174 se
740 3108 911 3190 ἀτιμοτάτην
932 3109 987 3173 θεὸν
1008 3106 1167 3196 praedicat
1188 3112 1225 3171 A.
1244 3106 1310 3172 516
1331 3119 1363 3174 et

317 3192 459 3258 Achilles
476 3193 518 3257 ad
533 3191 710 3281 generalem
726 3193 892 3272 notionem,
903 3193 1024 3274 transit,
1040 3195 1118 3260 dum
1138 3192 1192 3273 ait,
1206 3193 1315 3258 heberi
1330 3217 1363 3259 se
1462 3236 1466 3246 ·

316 3279 358 3344 ab
373 3281 612 3367 Agamemnone
631 3280 862 3360 contumeliose,
878 3281 945 3348 ainai
966 3283 1014 3346 τιν’
1037 3281 1171 3364 ἀτίμητον
1184 3280 1363 3364 μετανάστην

318 3364 357 3430 11.
374 3373 398 3430 1.
414 3364 488 3431 644.
503 3365 559 3432 ubi
572 3390 602 3431 v.
619 3367 710 3433 Obss.
733 3381 766 3433 et
786 3373 828 3432 Π.
844 3370 896 3439 59.
942 3369 1033 3433 Haec
1049 3389 1107 3456 per
1128 3391 1161 3433 se
1182 3366 1255 3432 satis
1269 3389 1364 3456 expe-

317 3450 385 3518 dita
398 3464 483 3532 s'unt,
499 3464 537 3518 ut
550 3452 628 3518 nihil
641 3454 682 3519 de
695 3453 737 3525 iis¹
747 3453 787 3519 sit
800 3453 1001 3520 monendum.

362 3539 505 3604 Monebo
524 3539 629 3606 adhuc
647 3541 744 3606 verbo
765 3540 805 3606 de
826 3564 887 3607 usu
910 3541 1080 3607 Homerico
1094 3565 1160 3606 voc.
1175 3543 1242 3624 τιμὴ
1263 3541 1304 3606 de
1316 3561 1365 3606 re·

316 3625 408 3776 {maii
420 3638 453 3691 et
466 3647 575 3691 eorum
581 3625 721 3709 fortuna.
763 3629 848 3692 Cum
862 3628 944 3693 enim
958 3628 1025 3710 τιμὴ
1041 3626 1081 3693 sit
1095 3629 1197 3708 honor,
1212 3627 1361 3713 dignitas,

320 3795 372 3863 sn
394 3711 497 3862 iiiie
504 3715 634 3870 11711
647 3712 1197 3867 ii‘iuiil'isiiniiimiiiwiw
1207 3713 1362 3800 ‘imm'

310 3879 391 3950 Ἶσον
405 3885 465 3966 ἐμοὶ
479 3885 615 3966 βασίλευε
624 3827 678 3951 icil
693 3888 778 3971 ἥμισυ
791 3829 883 3973 arlico
898 3893 978 3970 τιμῆς
991 3886 1066 3951 add.
1082 3891 1119 3950 Z.
1136 3887 1211 3956 198.
1235 3890 1274 3951 Ο.
1288 3888 1363 3957 189.

317 3975 357 4034 Y.
374 3972 435 4035 181
455 3977 536 4053 τιμῆς
557 3977 604 4050 τῆς
623 3972 756 4059 Πριάμου
776 3995 836 4060 pro
856 3978 959 4060 ἀρχῆς.
981 3983 1013 4038 et
1029 3972 1070 4037 Il.
1085 3976 1124 4037 A.
1139 3974 1213 4040 278.
1229 3974 1304 4043 279.
1327 3978 1363 4040 Ρ.

319 4059 381 4122 251
406 4080 480 4122 cum
493 4081 569 4122 voce
588 4060 666 4132 κῦδος
682 4057 841 4146 jungitur,
857 4072 890 4124 et
906 4061 938 4122 τὸ
961 4058 1058 4144 γέρας.
1102 4059 1198 4123 Nunc
1219 4059 1365 4142 ἀτιμάζειν

318 4152 367 4206 est
375 4162 470 4230 regno
480 4144 609 4227 pavore.
633 4143 694 4207 0d.
707 4148 743 4208 A.
757 4147 822 4215 494
835 4155 926 4232 rogat
940 4143 1081 4210 Achilles
1095 4143 1135 4209 de
1150 4143 1246 4210 Peleo
1258 4157 1362 4233 patre:

318 4225 395 4324 976
419 4227 479 4314 ἔχει
500 4228 641 4312 τιμὴν-ἥ
660 4254 708 4312 μιν
729 4230 1077 4313 ἀτιμάζουσιν-(10111111
1094 4230 1135 4296 IL
1150 4235 1186 4296 A
1204 4233 1267 4300 175
1289 4245 1363 4298 sunt

319 4310 371 4378 alu
386 4314 415 4380 ot
425 4313 457 4381 ai
469 4341 506 4400 μι
517 4315 677 4402 τιμήσουσι,
691 4315 744 4404 qai
756 4337 823 4384 meo
837 4318 930 4384 doctu
944 4327 974 4384 ct
984 4318 1157 4404 principata
1170 4318 1216 4385 ati
1229 4318 1341 4394 volem.

1199 3798 1241 3864 11.
1257 3805 1283 3865 1.
1298 3799 1364 3865 612
1501 3781 1502 3811 ¹
