3008 5056
332 413 377 486 82
614 457 616 464 ,
682 410 935 484 Excunsus
959 417 1028 483 111.

331 578 450 680 ’νοσούσῃ
463 589 571 667 Ἰθάκης
587 593 613 666 ἐς
630 589 710 655 πθονα
732 593 825 673 δῆμον,
838 613 962 655 necesse
983 587 1043 654 erit
1063 587 1218 676 corrigere
1239 588 1368 676 νοστῆσει

331 679 442 745 eodem
460 676 555 742 modo
569 699 605 742 ac
618 675 652 742 in
666 676 745 757 loco,
761 683 792 741 P.
810 681 874 743 144
888 676 944 742 ubi
959 676 1107 762 φράζεσθαι
1130 675 1289 762 adjectum
1312 687 1377 740 est:

332 767 432 850 φράζεο
448 764 517 838 θσοις
532 764 656 850 σαώσῃς,
667 764 856 828 mutandum
871 764 929 828 erit
943 763 976 826 in
991 762 1122 841 σαώσεις,
1137 774 1169 826 et
1183 765 1222 825 N.
1234 760 1299 826 816
1311 763 1380 845 φρά-

333 857 388 933 ζεο,
403 849 628 937 ύπνος-ἒφῆσῃς,
642 849 676 913 in
690 851 807 930 ἐφήσεις.
854 852 895 914 In
914 849 963 913 his
984 849 1108 927 haereo,
1131 870 1172 912 an
1193 848 1235 911 ad
1256 847 1380 998 elegan-

332 938 408 1002 tiam
423 936 565 1002 Atticam
580 959 617 1016 ea
631 936 784 1040 mutanda
798 935 868 1000 sint.
915 935 1000 1015 Quid
1012 957 1112 1044 porro
1126 934 1276 1042 faciemrgs
1322 935 1380 1027 teri

331 1023 400 1089 loco
416 1023 454 1089 ll.
472 1029 503 1087 P.
521 1025 592 1090 713.
611 1024 720 1105 4ἡμεις
736 1026 757 1086 θ
774 1023 853 1087 αὐτού
866 1049 915 1132 περ
931 1022 1230 1109 φραζώμεθα-ἡμὲν,
1246 1045 1316 1094 οιτοος
1330 1023 1377 1085 riv

227 1140 231 1148 “
332 1114 423 1198 νεκρὸν
439 1109 600 1198 ἐρύσσομεν,
616 1111 671 1188 ili,
689 1110 736 1172 καὶ
752 1110 830 1173 adrui
844 1115 946 1196 Τρώων
961 1111 991 1186 ἐξ
1004 1111 1096 1183 ἐνοπῆς
1111 1108 1225 1171 θάνατον
1242 1108 1289 1170 nal
1305 1113 1378 1195 κῆρα

234 1227 238 1236 ·
332 1197 477 1282 φύγοιμεν.
493 1196 644 1260 habemus
658 1195 722 1259 1ι.1.
738 1209 889 1293 tanquam
903 1193 972 1282 pari
986 1193 1018 1256 vi
1032 1206 1064 1257 et
1079 1217 1139 1257 usu
1149 1193 1297 1281 junctum
1310 1192 1380 1268 ὅπως

333 1287 484 1370 ἐρύσσομεν
503 1293 535 1347 et
555 1279 627 1356 ὅσοις
645 1281 788 1365 φύγοιμεν,
803 1304 836 1344 m
856 1280 924 1345 aliis
943 1292 990 1345 est
1010 1280 1149 1362 φύγωμεν.
1172 1294 1205 1343 et
1226 1279 1259 1343 in
1280 1278 1379 1344 altero

332 1368 401 1434 loco
415 1375 447 1434 P.
463 1368 536 1434 634.
552 1371 583 1432 ὅ.
600 1367 655 1432 ubi
669 1366 763 1432 iidem
777 1367 844 1431 fere
857 1387 965 1432 versus
979 1365 1009 1430 le
1054 1378 1146 1430 ntur:
1171 1369 1238 1448 ἠμὲν
1253 1364 1323 1439 tria
1334 1368 1381 1430 τθν

332 1457 424 1544 νεκρθν
445 1456 607 1542 θρθσσομεν,
623 1456 667 1532 >lli
689 1455 737 1524 καθ
759 1455 837 1518 αὐτοὶ
859 1454 964 1541 χάρμα
986 1469 1075 1536 φιλοις
1094 1452 1216 1537 ἑτάροισι
1236 1453 1382 1538 γενώμεθα

332 1542 526 1622 νοστήσαντος.
549 1539 601 1606 1ιὶο
624 1539 687 1619 alii,
711 1540 867 1627 γενώμεθα.
912 1542 973 1604 Est
996 1551 1101 1603 tamen
1123 1537 1175 1603 hic
1198 1537 1303 1602 aoristi
1328 1540 1378 1603 ΙΙ.

332 1623 409 1693 usus
430 1627 572 1692 diversus
593 1627 634 1692 ab
655 1651 704 1704 eo,
720 1650 815 1712 quem
836 1626 869 1689 in
891 1625 1008 1690 Atticis
1028 1624 1173 1689 observat
1191 1623 1333 1689 Brunck.
1349 1624 1382 1689 in

335 1713 468 1803 Lysistr.
485 1716 579 1779 1182.
596 1716 625 1777 3.
642 1714 672 1776 4.
688 1711 721 1775 in
737 1714 812 1778 Not.
828 1712 868 1776 ad
884 1713 968 1776 Rau.
984 1715 1057 1779 378.
1081 1712 1105 1774 J
1106 1725 1259 1776 uncturae
1275 1726 1381 1776 autem

333 1800 475 1888 duplices
489 1812 522 1864 et
534 1798 671 1863 variatae
685 1798 717 1862 in
732 1797 807 1886 ipsis
822 1798 946 1886 tragicis
960 1811 1138 1863 occurrunt.

378 1888 428 1950 Ut
441 1908 526 1950 nunc
539 1885 581 1949 ad
595 1884 689 1964 locos,
702 1877 838 1972 quorum
853 1909 962 1949 caussa
974 1885 1051 1949 haec
1065 1883 1216 1972 digressio
1230 1882 1309 1948 inita
1322 1899 1380 1965 est,

333 1971 479 2036 redeam:
503 1971 607 2036 aditur
621 1978 646 2036 l.
662 1974 724 2037 241
742 1973 844 2059 φράζεο
867 1970 936 2046 ύτοις
951 1975 1104 2036 Δαναοῖσιν
1126 1969 1271 2048 ἀλεξήσεις
1294 1972 1381 2035 νακθν

332 2055 421 2147 ἦμαρ.
466 2057 538 2123 Etsi
559 2059 593 2122 in
613 2057 740 2146 optimis
761 2058 851 2122 codd.
875 2070 923 2122 est
946 2059 1093 2146 άλεξῆσρς,
1101 2057 1261 2156 judicium
1276 2075 1382 2122 tamen

334 2167 419 2210 nunc
442 2156 512 2210 tuto
534 2145 601 2210 fieri
623 2145 749 2233 poterit,
765 2167 805 2208 ex
826 2144 1030 2232 'grammatica
1050 2157 1170 2208 ratione
1184 2143 1295 2208 melius
1309 2144 1383 2210 reti-

333 2231 402 2295 neri
415 2231 504 2319 prius
517 2231 597 2296 illud
612 2231 725 2319 φράζεο,
742 2229 1011 2310 ὅσοις-ἀλεξήσεις.
1050 2230 1198 2296 Alterum
1216 2243 1323 2296 autem
1338 2231 1383 2296 lo-

330 2334 418 2398 cum,
429 2318 463 2381 in
477 2342 543 2405 quo
557 2341 589 2383 se
604 2317 765 2406 excipiunt
780 2319 930 2404 φράζεσθαι
946 2316 1015 2392 tm
1029 2317 1093 2404 σύρς
1109 2343 1167 2396 κεν,
1181 2329 1265 2382 recte
1279 2331 1313 2382 se
1327 2318 1383 2382 ha-

334 2405 409 2469 bere
423 2405 670 2483 sub'unctivum,
686 2427 744 2468 nec
758 2419 880 2469 necesse
902 2427 978 2482 esse,
995 2416 1032 2467 ut
1046 2404 1273 2469 substituamus
1292 2417 1383 2492 opta-

334 2491 436 2556 tivum
451 2518 523 2567 σοοις
539 2518 596 2572 κεν,
612 2491 670 2556 etsi
684 2503 716 2555 et
730 2491 790 2555 hoc
803 2492 884 2556 bene
899 2514 931 2555 se
945 2491 1082 2556 haberet.

344 2575 347 2586 '
378 2580 492 2642 Restat
513 2577 583 2652 θσως
597 2583 647 2661 μὴ,
664 2577 751 2665 quod
764 2578 875 2642 eodem
890 2577 995 2655 modo,
1011 2601 1046 2642 ac
1061 2575 1142 2656 ὅπως,
1158 2576 1184 2641 si
1198 2589 1245 2641 est
1260 2599 1382 2662 quotuo-

334 2665 385 2743 do,
402 2664 488 2751 (post
502 2664 653 2752 φράζεσθαι
668 2676 700 2728 et
715 2662 825 2728 similia
846 2668 939 2752 puta)
956 2686 1118 2751 nunquam
1133 2687 1205 2728 cum
1220 2663 1336 2728 aoristo
1352 2667 1380 2729 I.

333 2750 491 2837 subjunct.
515 2750 600 2814 vocis
624 2749 673 2814 vel
703 2749 822 2816 activae
850 2750 901 2815 vel
930 2750 1050 2816 mediae
1073 2751 1168 2838 jungi
1196 2750 1382 2839 pronuntiat

334 2835 525 2915 Brunckius,
547 2836 604 2901 sed
625 2859 698 2901 cum
722 2837 832 2904 futuro
852 2837 977 2902 indicat
995 2836 1045 2901 vel
1067 2860 1129 2902 aor.
1147 2839 1195 2902 11.
1220 2837 1378 2925 subjunct.

335 2921 589 3024 Subintelligitur
610 2936 642 2988 et
662 2922 696 2988 in
718 2922 767 2987 his
788 2924 951 3008 φράζεσθαι,
968 2922 1038 2998 dnus
1052 2925 1102 3005 μή.
1124 2936 1181 2989 aut
1199 2923 1298 2988 simile
1312 2947 1381 2988 ver-

332 3009 430 3075 bum:
453 3023 545 3075 utin
566 3034 604 3074 eo
625 3009 713 3096 quod
731 3010 840 3076 laudat
858 3009 996 3074 Brunck.
1014 3009 1147 3098 Lysistr.
1165 3012 1229 3078 704
1244 3012 1328 3098 νοθχὶ
1343 3014 1381 3094 μὴ
1498 3017 1499 3039 ¹

332 3097 472 3161 παύσεσθε
485 3103 540 3160 τών
554 3097 743 3178 ψηφισμάτων
762 3097 864 3160 τούτων
879 3096 936 3161 etsi
950 3095 1094 3161 redditur
1107 3109 1138 3160 et
1152 3095 1242 3160 reddi
1263 3109 1379 3183 potest,

332 3203 371 3245 ne
385 3183 525 3261 desinite,
537 3195 585 3248 est
598 3194 713 3262 tamen,
730 3183 874 3268 φράζεσθε,
890 3182 960 3257 twa
976 3185 1006 3246 ού
1020 3188 1059 3264 μὴ
1074 3182 1222 3247 παύσεσθε.
1238 3182 1326 3268 quod
1346 3195 1378 3248 et

331 3267 492 3354 adjectum
513 3281 561 3332 est
581 3267 759 3345 interdum3
784 3281 821 3332 ut
835 3268 946 3333 Aristo
967 3269 998 3333 h.
1015 3271 1110 3358 Vesp.
1127 3271 1191 3334 155
1205 3267 1333 3352 φύλαττέ
1348 3271 1380 3348 θ’,
1495 3291 1496 3296 ’

332 3352 403 3430 ὅπως
416 3359 455 3438 μὴ
477 3357 525 3432 τὴν
546 3355 671 3433 βάλανον
693 3355 871 3439 ἐκτρώξεται.
915 3291 967 3420 I·lp

332 3439 454 3506 mericis
467 3463 630 3506 occurrere
643 3463 707 3504 non
721 3440 867 3517 memini3
890 3442 986 3507 habet
1000 3455 1104 3508 tamen
1118 3463 1225 3530 parem
1239 3465 1333 3507 usum
1347 3443 1379 3506 τὸ

330 3526 371 3609 μή
387 3553 453 3606 πως,
469 3526 510 3592 de
523 3551 588 3614 quo
601 3551 631 3590 v.
646 3526 732 3591 dicta
749 3529 829 3592 Exc.
847 3530 896 3593 II.
912 3529 954 3592 ad
970 3529 1008 3594 Il.
1025 3535 1066 3592 H.
1083 3527 1157 3593 406.
1171 3530 1245 3595 407.

375 3611 467 3678 Alios
482 3637 559 3679 usus
573 3613 718 3701 vulgares
732 3621 780 3679 τοῦ
795 3612 865 3690 ὅπως
878 3637 943 3681 nou
956 3637 1114 3689 memoro;
1138 3613 1197 3680 nisi
1219 3635 1321 3680 unum
1335 3614 1379 3680 lo·

330 3700 479 3764 cum'Od.
496 3709 532 3765 Δ.
550 3702 614 3770 109
627 3699 859 3766 memorabilem
874 3708 939 3766 esse
953 3701 1086 3766 dixeris:
1111 3701 1169 3782 1μοὶ
1185 3703 1206 3762 δ’
1265 3727 1293 3776 ος
1316 3701 1376 3766 asl-

331 3810 387 3866 νον,
403 3785 473 3860 ύτνις
487 3789 515 3865 δὴ
532 3790 607 3872 δηρὸν
627 3785 789 3873 ἀποθχεται.
834 3785 895 3854 Est
916 3787 1053 3876 proprie,
1176 3784 1216 3852 do
1231 3785 1237 3799 ’
1264 3810 1282 3851 e
1297 3800 1377 3852 tam·

330 3871 387 3936 diu
401 3873 500 3951 abest,
517 3873 574 3937 etsi
588 3885 671 3937 recte
685 3872 847 3938 redditur:
871 3875 1022 3959 quoniam,
1038 3897 1077 3938 ve
1102 3875 1190 3959 quod.
1236 3875 1378 3938 Possunt

329 3958 407 4022 haec
421 3982 440 4023 a
454 3980 504 4022 me
518 3958 679 4058 disputata
695 3959 742 4038 iis,
759 3959 816 4047 qui
829 3960 1033 4047 grammatica
1053 3983 1117 4024 non
1138 3959 1281 4046 exigunt,
1298 3958 1380 4024 levia

327 4057 361 4110 et
374 4045 428 4109 vix
442 4044 550 4132 digna,
563 4067 597 4108 m
610 4045 727 4132 quibus
740 4046 856 4112 bonam
876 4047 987 4111 horam
1007 4045 1240 4124 consumserim‚
1255 4045 1375 4122 videri3

322 4153 432 4220 neque
446 4130 494 4212 iis,
507 4130 564 4220 qui
577 4131 618 4196 ad
632 4132 794 4219 ingenium
808 4133 992 4220 fingendum
1006 4145 1039 4198 et
1052 4145 1190 4212 mentem-
1202 4131 1293 4197 bonis
1309 4154 1378 4199 sen-

328 4218 434 4284 tentiis
455 4241 625 4306 rerumque
646 4214 766 4284 notitiis
785 4241 896 4287 ornare
919 4219 1040 4300 volunt,
1059 4231 1169 4284 auctor
1191 4218 1259 4298 sim,
1283 4231 1322 4284 ut
1343 4220 1376 4284 in

327 4301 378 4368 hia
399 4305 500 4371 otium
521 4315 723 4380 consumtum
747 4305 790 4371 ad
812 4306 1061 4384 constituendam
1083 4318 1188 4372 tamen
1209 4304 1373 4371 lectionem

327 4411 420 4478 saepe
433 4389 499 4456 ridi
512 4391 593 4457 hanc
605 4391 822 4479 grammatices
836 4405 958 4480 partem
972 4411 1038 4458 esse
1052 4391 1275 4458 difficillimam.
1360 4417 1365 4426 ¹

953 3379 989 3420 oc
1006 3367 1111 3421 tamen
1125 3354 1194 3430 ὅπως
1208 3359 1246 3436 μὴ
1258 3355 1292 3418 in
1308 3353 1379 3420 Ho-
1494 3389 1495 3392 ¹
