2998 5052
470 388 538 453 AD
560 389 710 456 ILIAD.
733 393 772 452 Ω.
1084 395 1149 471 939

105 565 128 599 “
143 555 229 634 ditm
254 559 328 624 deni
350 583 392 624 ue
406 559 454 625 u'ti
467 561 574 626 cibum
595 561 761 648 posthaec
775 562 880 628 omnia
899 564 1055 651 ceperint;
1119 591 1158 630 r-·

106 651 129 700 ‘.‘
143 643 218 711 inde
238 669 275 712 ac
297 647 322 710 si
366 646 437 711 odie
463 647 571 713 rustici
594 649 759 737 cujusdam
781 663 947 715 narrentur
969 589 1150 718 funerall2'

105 733 267 810 Quorsum
288 733 415 799 tandem
435 734 513 800 haec
529 757 549 798 a
562 734 630 800 viro
650 736 743 802 docto
765 735 924 887 diqputata
944 737 1148 825 putabimus!

105 821 196 898 Quae
212 820 248 884 in
265 821 394 908 reliquis
410 820 498 888 libris
519 843 634 910 magna
653 845 727 888 omn
748 822 802 887 lau
825 847 843 888 e
864 824 1047 905 efferrmtur,
1063 827 1151 914 quod

104 906 214 972 tenuia
227 908 374 988 tenuiter,
390 909 555 997 magnifica
567 910 731 1010 magnifice
744 910 882 974 narravit
962 925 1004 992 ta,
1020 935 1103 979 nunc
1117 915 1151 979 in

105 992 185 1060 vitio
206 995 383 1062 habentur!
422 995 544 1061 Scilicet
565 996 705 1062 desinere
719 996 820 1062 voluit
840 997 882 1062 Ili
924 1021 973 1062 em
995 997 1029 1063 in
1043 1023 1151 1066 versus

105 1081 214 1169 magni
228 1083 358 1148 affectus
374 1081 494 1171 plenos,
509 1081 565 1170 qui
585 1083 709 1148 aculeos
729 1083 763 1147 in
784 1083 888 1150 animo
909 1084 1040 1174 legentis
1060 1087 1153 1152 relin-

105 1182 259 1256 querent:
276 1193 357 1256 quae
372 1191 427 1234 seu
438 1169 585 1235 orationis
599 1170 807 1236 contentiosae
822 1194 877 1235 seu
891 1173 1069 1260 tragoediae
1083 1173 1152 1240 laus

106 1279 174 1320 esse
188 1271 312 1344 posset;
336 1279 399 1321 non
413 1256 558 1322 carminis
572 1257 662 1344 epici,
677 1256 851 1343 quodcum
870 1257 938 1344 ipsa
957 1282 1062 1324 rerum
1082 1283 1153 1326 nar-

105 1341 228 1407 ratione
248 1343 338 1408 finita
358 1343 530 1408 finiendum
553 1359 607 1408 est.
653 1343 853 1409 Lamentatio
878 1344 1095 1412 universorum
1121 1362 1153 1413 et

105 1429 275 1518 magnilica
296 1430 443 1495 Hectoris
460 1429 663 1580 praedicatio,
679 1453 774 1518 quam
790 1454 852 1494 ser
893 1431 993 1497 uirere
1013 1433 1067 1512 ait,
1123 1458 1153 1499 r-

106 1517 164 1580 tim
178 1516 281 1582 aliena
294 1529 361 1583 erat
375 1529 446 1606 post
471 1531 596 1583 amenta
609 1454 1023 1596 Andromachesfllecubae
1037 1533 1070 1584 et
1122 1521 1153 1586 e-

105 1603 207 1683 lenae,
222 1603 337 1692 partim
352 1604 481 1683 inutilis,
496 1627 569 1668 cum
588 1627 653 1670 non
672 1604 732 1670 nisi
752 1603 914 1669 iteratione
935 1628 1054 1686 eorum,
1071 1631 1153 1694 quae

101 1691 171 1778 jam
192 1691 295 1756 multo
315 1690 426 1756 melius
440 1715 457 1756 e
472 1690 761 1779 persona'allorum,
776 1714 858 1778 quos
871 1691 1066 1759 necessitudo
1079 1718 1152 1760 cum

107 1779 250 1844 Hectore
271 1777 313 1842 ad
334 1778 435 1842 multo
455 1777 589 1842 acriores
604 1778 739 1842 affectus
760 1799 885 1843 movere
906 1779 1051 1860 debebat,
1069 1781 1154 1846 dicta

106 1876 217 1948 erant;
234 1878 323 1930 erant
338 1864 448 1930 similia
457 1865 525 1952 jam
539 1863 732 1930 ornatissime
746 1865 887 1952 exposita
899 1864 969 1930 loco
983 1867 1083 1932 multo
1098 1891 1154 1956 op-

106 1943 293 2040 portuniore
315 1953 374 2016 sub
395 1951 494 2040 ipsam
517 1950 664 2016 Hectoris
686 1973 793 2016 necem
815 1952 875 2017 sub
898 1952 939 2016 ΙΙ.
957 1957 997 2017 X.
1020 1954 1153 2033 exitum,

107 2061 127 2104 a
184 2049 244 2116 tre,
259 2061 278 2102 a
291 2053 402 2115 matre,
416 2061 436 2102 a
448 2038 600 2126 conjuge3
622 2051 706 2125 quae'
719 2037 787 2102 loca
801 2051 875 2102 sunt
886 2038 968 2103 inter
981 2041 1154 2126 gravissimi

106 2063 242 2191 »tillitus
263 2126 358 2214 ῥήσεις.
404 2126 511 2190 Locus
533 2124 630 2212 igitur
654 2124 797 2189 lamentis
819 2125 934 2190 iterum
956 2125 1156 2194 instituendis

108 2212 240 2278 omnino
253 2211 340 2276 haud
355 2224 434 2286 erat;
451 2211 637 2312 exponenda
651 2223 717 2276 e'rat
730 2211 893 2299 sepultura
907 2213 1062 2278 Hectoris.
1094 2217 1156 2280 At-

108 2319 173 2386 que
188 2299 270 2364 hanc
287 2299 410 2364 lansius
424 2297 523 2364 voluit
542 2321 607 2363 esse
627 2311 779 2376 ornatam,
799 2321 863 2362 non
885 2299 1014 2380 simplici
1032 2323 1156 2366 enarra-

110 2387 194 2452 tione
222 2386 345 2451 factam.
392 2385 508 2473 Iniqua
537 2384 743 2472 reprehensio.
789 2386 873 2450 Nam
901 2384 1004 2472 primo
1033 2409 1155 2452 summa

109 2473 190 2539 baec
204 2486 252 2538 est
265 2473 408 2538 carminis
422 2471 501 2560 epici
515 2471 577 2551 lex,
589 2487 627 2536 ut
640 2494 689 2536 res
704 2469 856 2558 simplices
871 2469 1003 2570 simplici
1016 2471 1156 2537 oratione
1180 2537 1183 2547 ,

81 2555 83 2560 ’
107 2561 174 2626 siut
188 2560 402 2648 exponendae,
413 2581 470 2623 nec
484 2572 666 2622 ornamenta
679 2556 875 2622 admovenda
887 2557 947 2621 nist
960 2556 998 2621 iis
1011 2581 1093 2645 quae
1107 2582 1158 2624 or-

110 2659 224 2712 natum
239 2646 414 2712 desiderent
428 2659 484 2710 aut
498 2658 612 2710 natura
626 2667 683 2709 sua
696 2643 881 2719 admittent;
905 2657 974 2708 tum
992 2644 1158 2723 innumera

110 2747 187 2800 sunt
201 2757 260 2822 per
273 2747 375 2798 totum
391 2735 569 2797 Homerum
583 2732 661 2811 loca,
676 2731 708 2795 in
724 2731 840 2818 quibus
859 2730 966 2796 tenuia
984 2753 1048 2795 non
1061 2733 1159 2799 modo

7 2827 8 2830 ’
110 2833 261 2900 tenmter,
276 2820 331 2884 sed
353 2843 443 2907 saepe
460 2819 570 2906 jejune
591 2832 633 2897 et,
649 2841 721 2882 cum
739 2817 896 2905 judicium
918 2817 1105 2905 prudentius
1123 2820 1158 2884 in

110 2907 262 2973 tenuibus
283 2905 467 2973 brevitatem
486 2905 634 2994 postulet,
653 2905 695 2969 ad
715 2903 876 2968 fastidium
898 2917 1100 2980 enarrentur3
1124 2919 1157 2971 at

111 3019 188 3060 vero
202 2993 306 3059 ultimi
320 2992 354 3057 hi
370 2993 483 3058 XXX
498 3014 606 3056 versus
620 3014 687 3057 rem
701 3004 829 3055 narratu
847 2990 1047 3055 necessariam
1063 3013 1101 3056 ex

111 3095 196 3148 nunt
209 3103 282 3146 cum
296 3080 450 3145 brevitate
463 3091 495 3144 et
508 3077 678 3178 dignitate:
702 3100 799 3165 quam
818 3089 913 3142 tauto·
924 3099 956 3140 m
998 3076 1024 3140 ‘s
1038 3014 1160 3142 desili:

111 3169 271 3247 rabamus,
293 3166 443 3255 quoniam
465 3164 572 3230 similrs
593 3165 773 3252 sepulturae
792 3162 880 3229 locus
896 3163 965 3251 jam
1007 3162 1034 3230 is
1055 3176 1087 3228 et
1108 3174 1161 3229 oo-

135 3255 201 3320 iose
215 3268 283 3320 erat
300 3263 525 3342 pertractatum
549 3249 651 3340 primo
671 3273 831 3316 caesomm
852 3249 1009 3339 in‘primo
1029 3249 1159 3339 praelio,

112 3271 160 3408 ll.
176 3348 218 3422 H,
235 3345 381 3440 lalsqq.
405 3353 473 3405 tum
489 3337 625 3404 Patrocli
641 3337 681 3403 Il.
695 3344 732 3402 Ψ.
779 3337 813 3403 Si
828 3360 904 3425 ergo
918 3335 994 3402 Ilias
1007 3336 1040 3401 in
1056 3339 1160 3426 sepul.

115 3441 190 3495 tura
212 3431 360 3494 Hectoris
379 3427 545 3492 subsistere
565 3424 686 3505 debuit,
704 3427 759 3508 (an
780 3425 841 3489 hoc
862 3437 945 3488 recte
964 3423 1160 3504 constituerit

115 3528 228 3582 auctor
242 3515 338 3580 totius
351 3513 506 3592 carminis,
517 3511 588 3591 alia,
603 3535 639 3576 ac
652 3533 781 3599 prorsus
794 3511 927 3589 diversa,
941 3521 989 3576 est
1001 3512 1160 3599 quaestio)

115 3625 181 3668 non
194 3601 297 3680 video,
313 3624 379 3689 quo
388 3601 463 3688 jure
476 3610 532 3664 aut
546 3621 611 3686 qua
623 3597 693 3686 lege
714 3596 866 3686 postulari
884 3596 992 3684 possit,
1008 3611 1046 3662 ut
1059 3597 1159 3678 aliter,

116 3712 215 3779 quam
233 3691 267 3755 in
280 3687 330 3754 his
343 3686 495 3765 versibus,
518 3698 550 3750 et
570 3684 717 3764 breviter,
739 3696 772 3748 et
792 3683 939 3771 graviter,
961 3683 1080 3764 factum
1102 3697 1161 3766 est,

116 3776 255 3841 narratio
270 3774 450 3862 sepulturae
468 3772 692 3838 institueretur.
737 3769 805 3835 Nec
819 3793 894 3834 vero
907 3769 1058 3836 alteraex
1071 3785 1162 3859 parte
1247 3825 1249 3827 ,

116 3877 218 3929 artem
238 3861 375 3949 aliquam
397 3873 430 3926 et
449 3859 649 3926 calliditatem
669 3859 704 3922 in
723 3881 763 3921 eo
775 3879 936 3945 quaeram,
951 3857 1039 3944 quod
1057 3859 1091 3922 in
1110 3881 1161 3926 se·

116 3949 266 4039 pulturae
287 3946 509 4013 memoratione
525 3945 666 4011 substitit
686 3955 797 4034 poeta3
820 3966 894 4008 nam
908 3942 1093 4032 rhapsodiae
1106 3967 1163 4008 no-

118 4035 262 4103 vissimae
275 4045 496 4124 argumentum
509 4032 570 4098 hac
588 4033 657 4121 ipsa
677 4030 839 4132 sepultura
857 4029 1042 4106 finiebatur;
1066 4030 1163 4096 ethis

119 4123 194 4212 ipsis
208 4122 313 4201 rebus,
326 4121 476 4186 struendo
489 4143 578 4208 rogo,
589 4116 869 4205 crematrcorporis
879 4116 999 4182 ossibus
1009 4115 1162 4205 legendis,

121 4209 245 4275 tumulo
260 4209 353 4286 facto,
369 4207 464 4296 epulo
478 4205 603 4272 funebri
618 4218 736 4284 curato,
753 4204 931 4293 sepulturae
951 4202 1051 4268 honos
1065 4204 1163 4268 conti-

121 4299 264 4376 nebatur.
309 4295 408 4362 Nulla
426 4293 535 4382 igitur,
554 4316 618 4358 non
639 4291 739 4380 magis
758 4289 871 4368 laudis,
887 4311 982 4377 quam
997 4291 1164 4378 reprehen-

122 4383 225 4464 sionis,
240 4383 370 4452 meteria
382 4383 482 4450 inesse
495 4379 629 4449 videtur.
673 4377 778 4446 Nimis
790 4381 919 4444 acutum
933 4388 991 4458 est,
1003 4378 1091 4465 quod
1104 4403 1166 4468 pu-
