2998 5052
325 397 389 461 304
649 407 652 413 “
701 393 992 460 HERMANNI

323 591 386 634 non
401 567 536 634 alienum
551 588 617 632 esse
631 585 651 630 a
664 585 795 630 munere
809 588 880 632 mec
894 563 1079 644 existimavi,
1089 585 1216 634 mouere
1230 562 1282 629 vel
1295 561 1370 628 ado-

323 655 482 733 lescentes,
520 653 553 718 ui
574 651 693 717 litteras
715 652 853 718 Graecas
874 651 1049 718 accuratius
1069 673 1255 738 cognoscere
1276 673 1370 738 cupe-

324 755 406 822 rent,
421 739 471 806 vel
515 763 561 804 ros
574 739 679 820 etiam,
695 737 752 825 qui
765 737 807 803 ad
825 738 1056 804 assentiendum
1075 737 1237 827 proniores
1255 749 1369 814 essent,

324 851 375 908 ne,
389 840 493 894 tcnme
507 823 698 892 difficultatis
707 824 921 912 quaestionem
958 849 994 892 ro
1008 849 1043 890 re
1051 824 1194 912 judicate
1206 824 1370 900 habentes,

324 915 495 980 orationem
511 925 633 1002 poetae,
648 933 750 999 nuper
769 911 884 978 eximia
897 849 1009 978 Vdirlfii
1029 909 1163 977 sollertia
1177 935 1196 976 a
1210 911 1263 1000 ple
1280 910 1288 922 “
1329 933 1369 974 ue

324 1000 468 1066 sordibus
482 1023 545 1088 pur
586 1011 661 1076 tam,
676 997 934 1067 inconsideratius
954 996 1153 1066 sollicitatum
1171 997 1262 1062 irent.
1338 1019 1372 1060 a·

324 1087 404 1152 ciam
428 1099 535 1152 autem
544 1021 619 1150 glice
644 1083 698 1163 sic,
721 1097 768 1164 ut,
787 1085 937 1173 quoniam
962 1097 1025 1150 tres
1046 1084 1114 1150 illas
1134 1083 1272 1183 regulas,
1291 1105 1372 1170 quas
1445 1119 1449 1126 ·

326 1171 529 1239 Thierschius
545 1171 721 1260 proposuit,
736 1193 839 1260 neque
856 1171 1025 1272 explicatas
1041 1173 1133 1237 abeo
1146 1171 1251 1249 video,
1266 1192 1384 1256 neque·

324 1262 365 1326 ab
380 1259 569 1359 omni-parte
578 1279 668 1323 veras
682 1271 851 1357 esseputo,
863 1281 966 1347 prrmo
978 1279 1104 1323 omnem
1117 1257 1201 1323 illam
1215 1256 1371 1322 rationem

324 1359 590 1413 constructionum
609 1344 828 1434 temporahum
843 1345 879 1410 in
890 1357 995 1434 partes
1009 1345 1162 1434 quasdam
1183 1343 1370 1420 describam,

324 1431 437 1498 deinde
451 1446 557 1498 autem
576 1432 617 1498 de
630 1430 763 1519 singulis
780 1431 934 1519 portibus,
950 1441 1106 1520 quantum
1120 1429 1250 1530 quidem
1263 1429 1298 1494 iu
1310 1429 1373 1493 hac

324 1519 529 1609 scriptionum
550 1516 812 1584 Academicorum
833 1517 986 1584 brevitate
1006 1517 1089 1598 licet,
1110 1517 1213 1582 dream
1232 1515 1372 1604 explica-

324 1606 398 1685 tius,
413 1628 557 1693 nonque
577 1625 661 1671 novo
678 1605 847 1692 proferam,
863 1603 919 1670 sed
937 1614 975 1672 ut
994 1604 1118 1687 faciam,
1132 1615 1208 1668 nota
1226 1625 1268 1667 ne
1281 1601 1374 1666 novis

322 1693 538 1758 obscurentur.

367 1780 419 1844 Ac
433 1777 571 1866 primum
585 1776 715 1864 quidem
729 1777 902 1846 tenendum
916 1789 973 1858 est,
985 1774 1242 1854 constructiones,
1254 1775 1374 1864 quibus

325 1873 468 1953 tempora
491 1875 652 1942 notentur,
674 1885 739 1928 uon
765 1863 834 1928 aliis
856 1862 1007 1929 contineri
1029 1861 1158 1950 regulis,
1181 1883 1280 1949 quarn
1304 1861 1374 1924 illas

323 1949 579 2029 constructiones,
594 1971 677 2038 quae
697 1949 813 2015 caussis
834 1949 885 2014 vel
905 1949 1021 2014 finibus
1043 1947 1253 2036 significandis
1274 1947 1374 2012 inser-

325 2036 425 2102 viunt.
471 2035 515 2101 Id
532 2036 627 2116 enim,
643 2059 683 2100 ex
696 2059 762 2123 quo
783 2035 1021 2105 constructionis
1041 2035 1122 2100 ratio
1143 2034 1274 2123 pendet,
1289 2058 1374 2098 com-

255 2123 258 2128 ’
324 2122 567 2188 munehabent:
587 2121 796 2186 conditionem
810 2122 890 2186 dico.
923 2125 985 2188 Est
998 2135 1105 2187 autem
1118 2119 1219 2187 omnis
1233 2121 1374 2186 conditio

323 2209 405 2288 talis,
419 2220 457 2274 ut
469 2218 526 2272 aut
536 2229 609 2272 vere
623 2229 689 2272 esse
702 2206 824 2296 aliquid
837 2208 888 2273 vel
901 2231 966 2273 non
979 2231 1057 2288 esse,
1068 2219 1125 2272 aut
1138 2229 1231 2296 posse
1244 2229 1312 2273 esse
1325 2207 1374 2272 di-

321 2307 422 2360 catur.
468 2293 542 2359 Hoc
555 2305 748 2383 postremum
762 2315 872 2360 rursus
893 2294 1013 2382 duplex
1027 2305 1091 2360 est:
1115 2313 1190 2359 nam
1203 2317 1288 2382 quae
1302 2315 1373 2382 pos-

326 2395 400 2448 sunt
421 2403 498 2460 esse,
520 2401 569 2460 ea,
591 2379 617 2445 si
637 2379 896 2469 philosophorum
918 2403 1004 2445 more
1024 2379 1113 2469 loqui
1132 2381 1215 2460 licet,
1238 2394 1296 2446 aut
1315 2382 1372 2446 ob-

319 2467 435 2556 jective
448 2466 608 2556 possibilis
620 2480 705 2548 sunt,
719 2479 777 2534 eut
791 2466 974 2556 subjective,
989 2467 1009 2531 i.
1022 2489 1049 2531 e.
1064 2481 1102 2533 ut
1115 2467 1158 2532 ad
1170 2473 1371 2532 communem

323 2566 452 2643 captum
465 2554 563 2620 verba
578 2554 820 2636 accommodem,
836 2568 892 2620 aut
912 2577 970 2618 nos
990 2554 1145 2619 nescimus
1165 2565 1280 2618 utrum.
1299 2554 1373 2631 sint,

324 2661 433 2720 necne,
455 2640 591 2727 ideoque
614 2638 797 2707 dubitanter
816 2640 988 2730 loquimur,
1010 2663 1111 2740 quum
1133 2640 1187 2706 ills
1208 2650 1317 2705 temen
1337 2664 1373 2705 re

324 2750 400 2791 vera
413 2726 463 2792 vel
478 2726 551 2807 sint,
565 2725 616 2791 vel
629 2747 693 2791 non
707 2727 782 2809 s'mt3
798 2741 865 2807 aut,
877 2739 986 2792 utrum
1000 2739 1063 2792 smt
1076 2747 1184 2807 neone,
1197 2747 1262 2792 non
1277 2747 1374 2814 quae-

323 2813 434 2892 rimus,
449 2812 504 2879 sed
517 2812 668 2900 fingimus
686 2835 763 2892 esse,
777 2814 871 2880 etiam
886 2813 988 2893 sinon
1003 2813 1076 2893 sint,
1091 2813 1142 2884 vel
1154 2833 1219 2878 non
1233 2835 1312 2896 esse,
1327 2825 1374 2878 et-

323 2900 386 2965 iam
405 2899 430 2964 si
449 2899 518 2965 dut.
564 2899 628 2965 His
649 2899 822 2966 rationibus
842 2899 1017 2966 indicandis
1036 2899 1155 2965 inventi
1176 2912 1252 2964 sunt
1272 2899 1372 2980 modi,

319 2986 521 3070 indicativus,
542 2986 772 3076 conjunctivus,
797 2986 966 3075 optativus.
1010 2991 1049 3050 Et
1070 2987 1228 3074 γενήσεται,
1250 2985 1279 3050 si
1301 2987 1373 3066 erit,

321 3072 412 3176 quod
425 3073 571 3138 futurum
585 3085 652 3148 est;
677 3077 701 3136 et
713 3075 838 3158 γένηται,
855 3073 1002 3153 sitirent,
1016 3073 1105 3160 quod
1122 3093 1164 3138 an
1180 3085 1372 3138 eventumm

319 3169 375 3239 ert,
391 3159 688 3238 necne,1reecimus;
713 3164 737 3223 εἰ
750 3159 868 3245 plum,
888 3159 914 3224 si
934 3159 1001 3238 fiet,
1014 3158 1103 3246 quod
1121 3159 1276 3248 tingimus
1291 3160 1372 3239 fieri,

319 3245 402 3312 nihil
426 3259 582 3325 curantes,
607 3247 795 3312 futurumne
819 3246 869 3325 sit,
892 3269 933 3310 an
955 3246 1037 3312 forte
1060 3267 1100 3310 ne
1120 3246 1219 3334 poem
1240 3245 1372 3346 quidem

319 3331 400 3398 fieri.
446 3331 510 3397 Sed
526 3331 730 3419 quautmnvis
742 3332 841 3430 plana
859 3331 899 3397 sit
914 3333 992 3398 haec
1010 3331 1177 3397 modorum
1196 3330 1369 3414 dimnedo,

321 3432 427 3485 nmen
442 3441 504 3483 usu
518 3419 556 3482 fit
568 3417 814 3505 bnpeditissrma,
827 3431 862 3484 et
874 3419 1004 3570 (Rudent
1024 3429 1156 3520 propter
1174 3418 1277 3506 ipsam
1297 3439 1373 3484 oon-

317 3503 454 3594 junctivi
472 3503 668 3594 optativique
686 3519 841 3569 naturam.
919 3527 970 3570 am
983 3507 1203 3593 conjunctrvtu
1215 3526 1319 3593 qrnun
1332 3527 1371 3570 ec

317 3599 422 3670 notet,
433 3613 516 3678 quae
530 3613 587 3656 nos
601 3603 737 3671 tautum,
748 3590 851 3656 sintne
864 3613 905 3656 an
919 3613 982 3656 non
997 3593 1070 3672 sint,
1084 3592 1250 3671 nescimus,
1265 3615 1370 3658 ueces-

321 3678 635 3832 paristptomnesfflae
646 3699 704 3766 per
721 3699 803 3829 emp·
816 3679 949 3778 modum
965 3679 1145 3829 indicantpr
1162 3679 1369 3832 ccuditiclgis,

321 3787 361 3917 l,
380 3785 803 3952 cidijmllbffi
819 3787 896 3916 lma
908 3777 1280 3951 Ἣωῗιῖιῗιὲιῗ
1298 3779 1368 3934 mi}

320 3938 403 4004 dum
421 3951 622 4026 conjunctivo
643 3949 774 4020 utrmur,
792 3951 902 4004 utrum
917 3938 952 4002 sd
971 3950 1011 4016 nt
1028 3937 1148 4003 fectrrm
1165 3961 1274 4018 necne,
1289 3961 1368 4004 non-

320 4024 400 4090 dum
422 4024 565 4105 sciamus,
579 4035 648 4090 tota
667 4045 717 4088 res
736 4025 771 4089 in
791 4048 830 4091 eo
845 4037 999 4105 versatur,
1020 4037 1058 4090 ut
1077 4025 1203 4112 cognito
1223 4026 1365 4107 demum,

321 4109 402 4198 quid
415 4110 461 4174 rei
474 4110 524 4190 sit,
539 4109 678 4176 conditio
690 4110 876 4199 impleatur:
898 4111 985 4176 unde
1006 4111 1207 4200 conjunctivo
1224 4113 1366 4196 adhaesit

320 4196 370 4261 vis
383 4196 485 4260 firturi
499 4197 609 4262 exacti.
653 4195 730 4260 Alia
747 4197 829 4262 ratio
841 4209 889 4262 cst
902 4197 1046 4286 optativi,
1060 4197 1118 4287 qui
1132 4220 1232 4284 quum
1251 4211 1366 4262 natura

321 4305 388 4360 sua,
404 4282 523 4370 pariter
541 4295 636 4371 atque
652 4282 850 4364 indicativus,
865 4307 929 4350 non
950 4284 991 4350 sit
1007 4284 1197 4372 cujusquam
1216 4297 1279 4348 tem
1340 4284 1348 4297 '

320 4368 477 4458 pmprius,
494 4385 665 4457 usurpetur
685 4369 738 4434 ille
759 4385 864 4436 temen
885 4369 1036 4459 singulari
1052 4371 1191 4468 quodam
1212 4307 1365 4435 moddffldi
