3008 5056
494 371 563 438 AD
586 371 737 438 ILIAD.
760 375 798 436 0.
1109 371 1170 436 101

126 541 225 622 siodo,
251 543 304 612 cui
325 541 476 632 digammi
499 564 593 607 usum
618 541 802 608 fmniliarem
823 567 859 608 ac
923 556 1071 631 rpetuum
1094 545 1170 623 esse,

125 652 189 694 non
214 629 320 708 minus
345 651 442 718 quam
468 630 622 710 Homero,
643 653 701 694 suo
724 629 795 695 loco
814 629 888 702 ¹vide
910 629 1001 698 imus.
1047 631 1089 695 In
1111 630 1172 696 boc

123 715 257 784 miratus
280 741 361 797 sum,
383 715 500 795 hiatuS,
518 728 642 804 praeter
664 739 727 801 eos,
744 716 998 805 quosignoratio
1020 716 1170 805 digammi

122 802 243 884 intulit,
257 827 330 870 raro
343 825 516 881 occurrere,
532 815 564 868 et
585 801 764 890 expeditam
783 803 849 868 fere
869 803 903 867 in
923 803 974 868 his
995 805 1060 868 esse
1079 803 1172 869 ratio-
1220 820 1222 824 ’

122 912 206 955 nem.
253 891 385 979 Lyricos
399 900 506 955 autem
520 900 552 952 et
566 888 762 968 dramaticus,
779 889 917 954 diversas
929 890 1074 956 carminis
1087 891 1172 978 leges

123 988 302 1064 sequentes,
317 975 411 1042 etiam
432 975 465 1040 in
476 973 591 1040 bintus
613 997 674 1040 usu
693 975 734 1041 ab
755 977 898 1042 Homero
916 977 1070 1057 recedere,
1084 976 1178 1042 haud

122 1061 304 1139 miraberis3
328 1063 448 1128 mireris
466 1072 572 1125 tamen
592 1061 663 1141 boc,
681 1063 779 1149 quod,
795 1086 868 1128 cum
885 1061 1045 1151 epicorum
1066 1076 1173 1151 poeta-

120 1171 195 1230 rum
210 1149 292 1214 ratio
305 1149 346 1213 ad
362 1147 563 1217 Homericam
578 1147 706 1212 omnino
727 1149 767 1213 sit
788 1149 969 1238 composita,
983 1149 1018 1214 in
1034 1150 1173 1216 hiatibus

122 1248 230 1300 tamen
242 1233 289 1300 illi
303 1235 404 1300 multo
423 1234 575 1299 licentius·
589 1234 648 1299 sibi
669 1234 853 1324 indulgent;
878 1248 915 1300 ut
934 1235 1057 1302 difficile
1072 1236 1112 1302 sit
1125 1260 1173 1302 re-

121 1321 237 1411 perire,
253 1345 332 1411 quas
353 1321 438 1410 leges
451 1321 473 1384 ii
488 1319 547 1385 sibi
561 1321 620 1386 hoo
633 1321 667 1385 in
686 1344 721 1386 re
739 1321 967 1388 constituerint.
1012 1323 1046 1388 Si
1067 1335 1172 1388 tamen

123 1408 198 1474 satis
212 1420 304 1474 acute
317 1407 420 1488 video,
435 1431 455 1472 a
468 1407 629 1496 digammo
642 1420 765 1473 mature
779 1407 924 1496 ignorato
936 1409 1040 1496 prima
1051 1409 1173 1475 fraudis

122 1495 262 1560 ludibria
275 1507 504 1582 processerunt.
549 1493 706 1558 Videbunt
721 1494 930 1560 Alexandrini
951 1507 1061 1583 poetae
1080 1496 1173 1562 innu-

122 1573 227 1666 meros
250 1581 284 1646 in
309 1579 487 1646 Homericis
510 1580 700 1648 carminibus
722 1581 838 1648 extrito
861 1581 955 1647 semel
973 1581 1134 1669 digammo
1155 1607 1174 1646 e

122 1666 284 1734 codicibus
298 1691 418 1747 versus,
433 1667 466 1731 in
489 1666 605 1754 quibus
627 1680 778 1755 tanquam
799 1680 884 1733 certo
905 1665 1032 1733 consilio
1050 1667 1174 1734 relictos

122 1755 230 1821 hiatus
251 1753 553 1829 animadverterent3
574 1753 632 1819 hos
651 1755 777 1820 eosdem
792 1754 850 1819 sibi
864 1778 992 1843 quoque
1007 1755 1175 1822 servandos

123 1865 191 1908 esse
205 1853 381 1930 putarunt3
405 1840 438 1906 in
458 1839 527 1905 aliis
544 1863 673 1928 prorsus
687 1841 849 1920 similibus3
865 1864 922 1906 nec
937 1841 1088 1908 tamenin
1104 1844 1174 1907 Ho-

123 1952 213 1994 mero
227 1940 292 1993 tam
306 1927 537 2015 frequentibus,
551 1926 610 1992 sibi
618 1928 675 2027 jus
689 1950 782 1994 suum
797 1928 940 1993 relictum
955 1951 1021 1994 esse
1035 1927 1174 1995 credide-

126 2027 215 2096 runt,
232 2027 270 2080 ut
288 2014 412 2080 hiatum
432 2014 528 2079 modo
544 2013 758 2095 adnutterent,
773 2015 868 2080 modo
882 2014 1070 2094 desererent.
1114 2016 1174 2079 Ve-

128 2116 200 2168 r'um
214 2095 256 2167 de
268 2101 318 2166 bis
332 2100 495 2166 disertiora
512 2099 635 2166 tradere
648 2100 752 2166 licebit
764 2101 798 2165 in
811 2100 859 2181 iis,
876 2101 1012 2189 qusede
1025 2101 1176 2189 digammi

129 2213 189 2254 usu
215 2187 472 2276 disputabuntur.
519 2187 602 2252 Sunt
624 2199 728 2252 tamen
753 2200 877 2276 praeter
903 2189 962 2258 hos
986 2187 1038 2252 alii
1058 2188 1174 2268 hiatus,
1205 2203 1222 2234 ⁰

128 2267 209 2363 quos
222 2274 338 2362 partim
351 2270 473 2338 ratione
486 2273 594 2361 aliqua
606 2273 773 2358 adhibitos,
788 2274 864 2339 alios
878 2297 938 2363 pro
951 2273 1080 2340 arbitrio
1093 2297 1176 2339 rece-

128 2374 200 2451 ptos
214 2373 272 2426 aut
285 2372 419 2448 spretos,
432 2359 547 2448 partim
567 2383 667 2448 pravo
684 2361 828 2448 exemplo
842 2372 995 2448 arreptos,
1010 2359 1176 2426 nonnullos

128 2445 1106 2622 ...ιιιιιιι
1124 2447 1175 2596 ξι

516 2580 525 2612 ,
954 2583 961 2596 .
1167 2582 1174 2597 .

128 2615 215 2686 Flor.
232 2618 412 2685 Bruncldus
424 2619 539 2708 probat
552 2616 731 2684 στέλλεσθαι.
745 2621 817 2700 III,
829 2619 891 2686 561
908 2618 1048 2705 ἐρητύεσθε
1062 2619 1178 2685 ἀέθλων.

129 2706 186 2773 ubi
200 2706 444 2795 reponendum&
501 2704 598 2770 'rotat
631 2705 800 2794 Rationem
813 2705 1094 2794 assequornullnm
1109 2729 1139 2769 v.
1148 2729 1176 2771 c.

128 2794 163 2858 in
176 2791 244 2859 llis:
268 2792 421 2892 Apollom
435 2731 548 2871 &78
561 2792 682 2876 γάνυται
698 2791 727 2856 δέ
741 2819 772 2856 τε
788 2791 891 2871 ἠῖθέοιο.
907 2795 969 2857 881
993 2791 1098 2856 ἄλλοτε
1120 2789 1177 2856 ἄλ·

129 2895 188 2945 λοι.
234 2878 445 2944 Galllmachus
466 2877 538 2942 Del.
559 2881 637 2944 284
644 2877 776 2964 χρυσέοιο
797 2880 846 2942 ἀπ’
862 2877 959 2954 οὔδεος.
1004 2879 1122 2943 Verum
1144 2877 1177 2941 in

129 2965 198 3032 aliis
221 2965 301 3030 ratio
325 2963 488 3030 commode
551 2964 575 3028 ti
597 2975 701 3052 potest
723 2989 743 3030 a
759 2963 908 3043 numeris,
930 2985 951 3028 a
967 2974 1042 3028 tono
1061 2975 1093 3027 et
1111 2985 1178 3028 cae-

130 3071 222 3118 sura:
247 3076 277 3116 v.
292 3076 318 3117 c.
334 3050 484 3140 Apollon.
502 2986 562 3131 iil,
579 3053 641 3116 801
658 3053 693 3126 ὥς
708 3051 737 3130 δή
751 3076 794 3114 τοι
808 3049 934 3138 stirpam
953 3047 960 3138 Ι
978 3048 1107 3132 ἀμείνονα
1121 3075 1178 3113 πα·

130 3141 194 3224 πρὸς
216 3143 280 3204 ἑοῖο.
296 3140 348 3218 ll,
364 3139 430 3208 957
447 3135 510 3202 ἔνθα
531 3139 559 3202 δὲ
579 3135 740 3223 Τρικκαίοιο
759 3136 766 3226 Ι
784 3142 894 3223 ἂγοιοοΐι
915 3135 1088 3236 Δηῑμᾶχοιο.
1106 3137 1177 3214 Ill,

129 3227 196 3296 807
209 3226 350 3309 φάρμοικοι
363 3223 499 3303 diffundat
513 3224 666 3312 θομόφθοροι
684 3222 691 3312 Ι
710 3223 781 3313 ἔρροι
797 3224 932 3288 πάσαιτο.
969 3223 1081 3289 Mmus
1095 3244 1180 3291 oom-

130 3313 223 3378 mode
240 3314 270 3392 I,
286 3313 330 3382 39
343 3309 429 3395 ἄμφω
442 3309 641 3398 συμφορέονται
655 3309 786 3398 ἀπόπροθι
804 3309 812 3400 Ι
831 3315 867 3386 εἷς
879 3309 908 3377 ἓν
920 3308 1030 3385 'idms-
1153 3325 1156 3335 ¹
