2998 5052
501 359 569 422 AD
591 359 740 424 ILlAD.
763 363 802 438 ss,
1111 361 1174 428 '281

180 527 293 592 Unum
307 525 465 616 est-‚quod
481 527 521 594 de
538 530 624 594 omni
642 531 701 596 hac
722 529 931 618 disputatione
950 529 1178 598 dubitationem

136 611 238 677 faeere
263 613 370 700 possit,
398 614 511 679 sedicet
535 629 573 681 ut
598 616 699 682 dicas:
730 616 756 680 si
783 615 977 682 diversorum
1005 615 1179 704 carminum

137 719 207 764 eom
318 700 358 765 sit
373 700 459 780 Ilias,
475 701 622 766 orationis
635 725 763 790 quoque
776 726 812 766 ac
830 703 1052 769 sententiarum
1074 704 1180 770 discri-

138 807 211 848 men
264 785 362 874 'quod
381 787 520 858 notabile
542 788 576 852 in
600 789 706 854 oeulos
731 788 888 854 incurrere
913 789 1035 855 debere.
1081 793 1181 856 Recte

136 869 198 934 ho'c
217 886 374 951 monetur,
397 895 454 938 nec
473 874 505 937 vi
524 897 582 938 sua
600 874 781 940 destituitur
800 875 964 956 monitum,
980 889 1012 940 et
1033 900 1124 964 saepe
1138 878 1180 942 ad

137 957 221 1020 banc
238 957 535 1024 animadversionem
557 959 623 1048 ipse
644 961 784 1026 animum
805 961 933 1026 attendi.
979 964 1061 1027 Sunt
1075 977 1180 1028 tamen

138 1042 217 1121 duo,
239 1067 320 1130 quae
341 1045 804 1134 observationeminlringunt:
830 1049 971 1130 primum,
994 1046 1081 1136 q'uod
1102 1048 1182 1114 anti-

137 1128 288 1215 quiorum
308 1144 472 1218 poetarum
493 1131 653 1219 epicorum
675 1133 774 1198 oratio
795 1132 930 1198 eundem
950 1133 1016 1198 fere
1037 1133 1181 1200 habitum

137 1214 254 1290 habet3
273 1215 351 1281 dum
367 1217 494 1294 Ionicus
508 1217 657 1305 antiquus
671 1241 773 1284 sermo
786 1219 955 1284 narrationi
970 1219 1063 1284 semel
1076 1217 1122 1285 ita
1136 1235 1182 1286 at-'

140 1314 334 1388 temperatus
352 1317 429 1382 erat,
449 1317 488 1369 ut
504 1304 655 1370 sollennes
676 1305 795 1392 ubique
815 1305 934 1370 formae
955 1328 991 1369 ao
1013 1306 1183 1372 sententiae

139 1409 175 1450 se
187 1401 300 1474 poetae
313 1389 460 1454 offerrent
470 1415 479 1464 3
503 1390 548 1456 ita
560 1414 688 1478 quoque
707 1403 817 1479 poetae
839 1415 856 1456 o
878 1389 946 1456 elici
964 1391 1006 1455 ad
1022 1391 1106 1458 idem
1128 1409 1182 1457 ex}

140 1473 262 1560 emplar
283 1497 316 1539 se
336 1474 545 1563 composuisse
566 1476 724 1556 videntur,
746 1477 779 1542 in
864 1500 913 1542 em
936 1501 1064 1564 quoque
1089 1500 1183 1565 argu-

138 1573 247 1624 mento
261 1574 431 1635 versantem
448 1562 508 1627 boo
523 1561 631 1626 saltem
644 1563 759 1628 docent
772 1564 958 1652 fragmenta,
972 1562 1033 1627 hoc
1048 1566 1182 1629 Scutum

140 1645 302 1726 Herculis,
317 1647 405 1734 quod
422 1647 504 1712 iuter
519 1648 678 1713 Hesiodea
695 1649 847 1724 habetur3
871 1662 944 1736 pate
981 1673 1020 1712 ue
1038 1649 1122 1714 idem
1141 1673 1182 1715 ex

139 1733 371 1818 comparatione
393 1733 502 1812 Quinti
526 1735 699 1822 Smyrnaei,
723 1735 789 1822 qui,
812 1735 871 1799 nisi
892 1759 937 1822 qu
1000 1734 1116 1822 ingenii
1137 1735 1182 1816 vi,

139 1840 310 1904 rerumque
332 1819 422 1906 oopia
442 1832 474 1884 et
494 1819 610 1885 dilectu
632 1820 725 1908 longe
746 1821 873 1886 inferior
891 1820 1099 1909 estantiquis,
1114 1844 1183 1886 ora-

139 1902 235 1967 tionis
253 1903 354 1968 oolore
376 1928 467 1993 saepe
488 1906 533 1971 ite
553 1905 714 1972 incautum
736 1906 827 1986 fallit,
843 1919 880 1970 ut
893 1907 926 1978 in
941 1921 1045 1971 vetere
1058 1907 1184 1972 heroico

139 1987 248 2076 aliquo
269 1991 404 2055 carmine
422 1992 536 2056 versari
558 1992 615 2059 tibi
633 1992 785 2067 videaris3
809 1991 868 2056 nisi
887 2016 997 2057 verum
1019 2007 1076 2073 est,
1096 1994 1183 2092 quod

141 2076 297 2162 suspicor,
309 2076 455 2142 habuisse
474 2101 547 2142 eum
563 2079 668 2143 adbuc
688 2079 722 2142 in
739 2078 884 2143 manibus
947 2093 1013 2144 etas
1033 2077 1181 2167 cychoos:
1216 2101 1227 2110 “

140 2162 230 2248 quod
255 2185 319 2226 non
343 2162 549 2250 improbabile
573 2177 630 2244 est,
654 2163 806 2252 siquidem
834 2103 965 2230 Prodire
992 2165 1122 2230 Saeculo
1144 2167 1182 2230 V.

140 2271 194 2314 eos
215 2248 370 2327 tractavit,
386 2249 558 2314 secundum
580 2273 617 2315 ea
657 2274 716 2315 uae
733 2253 801 2338 jam
823 2249 897 2314 olim
918 2251 1080 2315 observavi
1097 2252 1184 2335 (Bib-

143 2335 229 2399 liotb.
245 2336 276 2398 d.
292 2335 375 2398 alten
388 2335 465 2399 Litt.
482 2358 513 2399 m·
527 2335 649 2401 Kanat'
689 2337 792 2401 Stitclc.
809 2337 918 2400 laedit.
958 2385 965 2399 .
982 2335 1048 2414 16.)
1067 2339 1116 2402 Ut
1129 2361 1185 2401 au-

141 2433 207 2484 tem
229 2419 370 2500 omnium
391 2421 550 2507 epicorum
571 2436 735 2520 poetarum
756 2422 887 2487 orationi
908 2421 919 2484 i
942 2445 992 2486 em
1014 2423 1079 2486 fere
1101 2422 1186 2487 oolor

141 2506 267 2584 inesset,
282 2529 391 2571 caussa
403 2506 464 2571 alia
476 2521 614 2587 aooessrt,
629 2508 724 2588 ineo,
740 2508 827 2594 quod
845 2520 955 2596 poetae
970 2521 1001 2572 et
1016 2531 1072 2572 sua
1085 2521 1117 2572 et
1131 2507 1186 2572 ali-

141 2616 235 2658 orum
249 2592 396 2672 carmina,
411 2616 493 2679 quae
514 2593 692 2658 memoriter
713 2593 887 2672 recitarent,
902 2595 1045 2658 mentedo
1058 2595 1185 2659 retinue-

141 2689 225 2758 rant,
247 2701 350 2766 neque
371 2679 451 2744 adeo
471 2679 560 2744 aliter
580 2679 647 2744 fieri
667 2680 783 2768 potuit,
798 2703 894 2767 quam
909 2693 946 2745 ut
960 2679 1069 2745 eadem
1086 2669 1186 2779 phan-

142 2778 286 2844 tasmata,
308 2765 427 2830 formae
448 2765 607 2852 loquendi,
630 2766 885 2854 temperationes,
907 2766 999 2830 flores
1019 2766 1133 2854 poetici
1154 2779 1186 2832 et

141 2874 235 2918 voces
255 2850 482 2937 exquisitiores,
505 2865 542 2916 ut
563 2851 639 2916 haec
660 2852 775 2931 omnia,
797 2851 937 2940 inquam,
956 2851 1060 2916 animo
1076 2851 1184 2934 infixa,

141 2937 269 3025 quoties
293 2937 326 3000 in
348 2937 474 3018 easdem
498 2960 536 3002 aa
559 2937 673 3002 similes
695 2938 896 3024 cogitationes
918 2937 978 3024 ipsi
1000 2935 1184 3018 inciderant,

141 3023 250 3088 animo
270 3023 386 3088 iterum
406 3046 440 3088 ae
460 3023 615 3088 offerrent.
662 3025 752 3088 Haec
771 3023 796 3087 si
815 3037 960 3112 reputem
985 3045 1048 3086 uon
1069 3023 1185 3090 mirum

142 3109 316 3188 videbitur,
329 3108 543 3208 antiquiorum
561 3109 735 3175 carminum
753 3109 891 3174 colorem
907 3122 972 3208 tam
993 3131 1105 3206 parum
1121 3133 1187 3194 esse

5 3249 6 3254 η
142 3195 325 3262 dissimilem
334 3221 347 3260 ι
369 3195 510 3283 inprimis
534 3195 567 3259 in
594 3195 783 3284 praeliorum
808 3194 1075 3282 deseripnombus.
1122 3197 1187 3261 Pro

144 3282 290 3370 exemplo
304 3305 369 3346 esse
383 3295 486 3369 potest
500 3281 861 3380 Batrachomyomaahia,
877 3280 909 3344 in
924 3303 989 3367 qua
1001 3280 1189 3368 paucissima

143 3381 231 3468 seint,
265 3391 324 3434 uae
338 3390 402 3432 non
413 3367 797 3432 Homericaessesentras
821 3367 958 3432 Omnino
971 3367 1031 3432 hoe
1041 3390 1188 3466 magnam
1324 3370 1351 3380 ”

144 3453 708 3627 ἷιιιιῖυἱιιέῃιξοθιωὲιιοὴξιῖῃέιῗιοάᾛί
767 3451 1188 3605 a⁴csgnrrpiqqepqnpolrsqqdpoem

887 3585 890 3592 .
1031 3585 1041 3618 ‚
1173 3583 1187 3596 .

145 3627 244 3693 morio
255 3637 386 3690 sauata
431 3627 482 3690 De
496 3649 534 3690 eo
546 3639 653 3690 autem
667 3648 759 3690 nemo
773 3647 858 3689 nuno
871 3623 1006 3703 dubitat,
1021 3626 1188 3692 memoriae

147 3713 231 3779 vires
243 3711 326 3777 inter
341 3711 515 3776 istiusmodi
533 3710 676 3776 homines
692 3719 765 3776 esee
779 3709 992 3785 incredibilem
1015 3709 1079 3776 vid
1094 3713 1189 3778 Jonas

145 3800 246 3868 Αείαι.
271 3797 457 3864 Reseorcltes
479 3799 540 3862 To.
561 3798 609 3862 11.
632 3819 664 3887 p.
680 3799 732 3862 14.
755 3812 786 3862 et
809 3819 899 3860 exem
922 3795 989 3860 lum
1013 3798 1187 3864 carminum

146 3883 271 3951 Ossiani
292 3881 366 3948 satis
386 3904 453 3948 rem
473 3883 626 3957 firmavit}
651 3905 691 3948 ne
712 3904 880 3949 memorem
962 3882 969 3895 ⁶
996 3882 1060 3946 'um
1081 3897 1188 3949 nostra

146 3971 250 4038 aetate
269 3993 343 4034 suos
361 3991 481 4049 versus,
500 3991 540 4033 ne
559 3969 685 4034 chartae
705 3968 878 4049 mandaret,
896 3968 1187 4034 omnesmemoriae

145 4056 312 4122 mandatos
325 4077 431 4122 secum
445 4080 463 4121 e
476 4055 579 4143 patria
592 4055 781 4120 efferentem.
813 4057 967 4120 Alterum:
982 4053 1069 4140 quod
1084 4055 1189 4120 obser-

145 4142 304 4209 rationem
319 4164 422 4241 'supra
442 4155 644 4241 memoratam
666 4141 776 4239 elevet,
796 4154 844 4205 est
861 4140 940 4238 boe:
960 4140 1080 4238 frustra
1093 4141 1186 4241 sumi,

146 4228 224 4296 nihil
242 4251 371 4293 ommno
388 4251 488 4293 messe
507 4251 545 4292 m»
556 4226 673 4293 Iliados
694 4227 837 4314 partibus
858 4225 916 4290 sibl
937 4225 1097 4304 dissimrle,
1109 4227 1188 4293 mhrl

145 4315 204 4382 nisi
219 4314 307 4405 quod
325 4313 383 4379 sibi
397 4337 417 4378 a
430 4337 554 4380 summo
574 4313 615 4378 ad
635 4314 735 4380 imum
757 4309 950 4398 respondeat.
997 4311 1101 4377 Immo
1113 4319 1216 4380 vero*
