2998 5052
535 379 766 448 ntssnnn.
792 378 820 446 ι,
1132 365 1198 453 eis

159 545 241 634 ίτυίη
255 547 405 635 seriptum
425 551 599 636 oportebat.
645 553 836 642 Frequentia
848 559 931 619 ‘sunt
952 554 1036 634 talia,
1052 569 1089 621 ut
1099 557 1142 621 Il
1158 563 1196 621 Ψ.

159 635 232 704 494.
249 636 297 704 καί
315 638 337 698 δ’
352 633 434 721 όλλιρ
454 643 613 718 νεμεσᾶτον,
634 637 687 712 ότις
704 639 822 703 τοιαῦτά
846 667 882 723 γε
901 642 988 726 ρι’ξοιε
1013 642 1074 706 Od.
1089 648 1128 706 A.
1145 645 1198 710 47.

158 721 195 793 ὥς
217 721 348 786 ἀπόλοιτο
369 724 418 786 ael
440 721 539 802 ἄλλος,
561 721 616 798 ότις
642 725 760 788 τοιαῦτά
781 751 817 809 γε
840 727 918 812 ρι’ζοι.
965 728 1028 791 Sed
1052 729 1094 792 ad
1117 727 1198 792 illud

157 805 262 894 primo
281 807 432 896 adspectu
454 808 596 874 nonnihil
616 811 766 886 offendas,
790 811 850 876 Od.
867 817 901 874 Z.
918 812 991 878 286.
1008 815 1055 876 καί
1078 816 1099 876 δ’
1122 813 1209 901 ἄλλη

157 901 275 972 νεμεσῶ,
291 895 348 972 ἥτις
361 895 477 958 τοιαῦτά
491 922 527 981 γε
540 895 622 982 ῥέζοι,
637 897 678 974 ἦτ’
694 897 789 974 ἀέκητι
803 898 898 980 φίλων,
910 902 1011 984 πατρὸς
1030 901 1076 962 καί
1097 900 1199 984 μητρὸς

158 977 254 1042 ἐόντων
269 979 382 1066 ἀνδράσι
396 979 554 1063 μίσγηταιε
576 1004 648 1046 nam
663 1005 744 1082 quae
758 982 866 1047 addita
878 999 964 1061 sunt,
980 984 1130 1049 nihilnisi
1144 1007 1214 1060 ονε,

156 1062 276 1214 {licant
297 1065 411 1153 priora,
433 1080 471 1130 ut
493 1066 576 1132 idem
597 1069 685 1133 verbi
706 1068 819 1133 modus
837 1069 982 1134 videatur
1002 1071 1200 1136 adhibendus

175 1149 263 1216 uisse.
308 1152 418 1218 Nihilo
430 1152 535 1218 minus
548 1154 652 1218 omnia
670 1168 753 1219 recte
773 1155 865 1220 dicta.
910 1157 993 1219 Nam
1012 1157 1100 1244 prius
1118 1156 1198 1226 illud

158 1249 196 1302 ut
216 1259 346 1324 prorsus
366 1238 518 1304 incertum
540 1239 690 1327 ponitur:¹
709 1253 777 1304 tum
799 1239 853 1305 illo
873 1241 986 1328 posito,
1000 1243 1139 1330 selique,
1162 1255 1202 1311 ut

156 1321 233 1391 inde
243 1340 567 1412 vereconsequutura,
578 1349 636 1414 per
644 1326 878 1414 conjunctivum
892 1327 1095 1414 adjiciuntur:
1112 1328 1200 1416 quod

157 1422 332 1497 utrumque
347 1411 533 1476 Germanice
547 1413 590 1476 sie
604 1412 705 1478 dicas:
728 1435 815 1477 ιοοιιιι
831 1414 897 1477 eine
911 1417 970 1478 dee
987 1417 1059 1478 tlnm
1079 1417 1203 1492 ίιὸιιιιιο,

158 1498 224 1560 aad
236 1515 337 1582 gegea
351 1500 408 1562 dea
421 1499 521 1564 witta
535 1501 590 1562 der
602 1499 721 1584 litigent
734 1500 829 1563 einem
843 1522 951 1563 monne
956 1498 1072 1586 solgte.
1098 1503 1204 1564 Porro

158 1595 243 1648 recte
255 1582 383 1670 positus
401 1584 561 1670 optativus
583 1584 622 1648 in¹
639 1585 698 1663 his,
716 1585 754 1649 ll.
771 1587 1016 1672 1.304.νῦνγόρ
1033 1589 1067 1672 χ’
1081 1583 1201 1674 Ἕκτορ’

159 1666 242 1748 ἕλοις,
261 1671 317 1733 east
338 1667 372 1734 νίν
390 1671 474 1753 μάλα
490 1695 533 1736 τοι
555 1673 656 1757 σχεδδν
674 1671 754 1735 ἔλθοι.
795 1677 832 1735 Τ.
849 1670 921 1736 206.
935 1679 978 1734 νῦν
994 1673 1046 1755 μὲν
1064 1671 1205 1756 ἀνώγοιμι

157 1753 334 1838 πολεμίζειν
354 1757 413 1831 υίοις
431 1757 560 1842 Ἀχαιῶν
579 1757 701 1834 νήστιας,
721 1758 866 1840 ἀκμήνους·
888 1755 951 1840 ἅμα
965 1760 986 1820 δ’
1001 1757 1083 1842 ηελίιρ
1104 1783 1209 1822 ποιων

157 1839 231 1906 δόντι
245 1839 387 1919 τεύξεσθαι
401 1842 481 1926 μέγα
499 1842 603 1926 δόρπον,
620 1845 683 1920 ἐπὴν
701 1841 851 1926 τισαίμεθα
870 1843 972 1923 λώβην.
1003 1848 1043 1906 Ω.
1061 1841 1133 1908 226.
1150 1847 1201 1906 ατί-

159 1925 229 1991 τίκιι
243 1926 302 2011 γάρ
316 1955 353 2009 με
367 1927 569 1994 κατακτείνειεν
581 1929 746 2012 Ἀχιλλεὺς,
762 1932 858 2014 ἀγκὰς
876 1928 962 1992 ἑλόντ’
978 1929 1042 2011 ἐμὸν
1056 1932 1122 2008 ιιίδν,
1137 1933 1202 2007 ἐπὴν

158 2010 228 2098 γόου
244 2015 275 2090 ἐξ
289 2012 345 2124 ἔρον
360 2014 421 2092 είην.
460 2013 521 2080 Od.
538 2020 575 2076 Δ.
591 2017 665 2078 222.
681 2012 709 2089 ὃς
728 2017 760 2078 τὸ
779 2013 988 2102 καταβρόξειεν,
1007 2018 1070 2094 ἔτην
1090 2021 1208 2102 κρητῆρι

157 2097 268 2184 μιγείη,
284 2124 314 2162 ου
328 2126 375 2164 κεν
389 2099 528 2188 ἐφημίριος
546 2125 582 2185 γε
601 2100 688 2180 βόλον
707 2103 788 2164 κατιδ
803 2099 835 2162 δ’
872 2127 888 2164 ο
907 2109 1031 2183 παρειῶν.
1068 2105 1109 2163 Ω.
1125 2103 1198 2164 254.

157 2184 274 2270 τοιοότιρ
288 2186 316 2248 δὲ
331 2184 431 2264 ἔοικας,
448 2185 502 2248 ἐπεί
518 2183 651 2248 λοόσαιπο
665 2187 752 2270 φάγοι
765 2213 797 2250 τε
806 2126 877 2250 :nge
891 2185 1007 2272 qulbus
1025 2185 1100 2252 locis
1120 2186 1203 2251 duos

159 2269 299 2356 neglexit
315 2269 528 2349 Thiersehius,
544 2271 600 2356 qui
617 2270 650 2334 in
668 2271 728 2348 his,
743 2295 825 2359 quae
843 2295 875 2359 p.
889 2271 960 2342 196.
978 2295 1065 2359 seqq.
1081 2286 1113 2337 et
1126 2274 1200 2337 213.

159 2355 201 2427 de
215 2355 370 2442 particula
383 2359 439 2420 ἐπεὶ
454 2356 587 2434 dissent,
601 2356 765 2422 immemor
778 2380 897 2435 eorum,
907 2380 989 2444 quae
1002 2380 1034 2444 p.
1048 2357 1120 2423 186.
1135 2357 1203 2456 ipse

158 2441 293 2522 dixerat,
308 2442 434 2540 regulas
447 2441 701 2522 comminiscitur,
715 2441 748 2507 in
762 2443 879 2530 quibus
892 2443 979 2508 haud
994 2443 1056 2508 seio
1069 2467 1110 2508 an
1123 2443 1203 2507 mhil

159 2527 288 2592 omnino
298 2551 364 2594 ven
378 2528 426 2594 sit.
450 2528 514 2608 Qui
528 2528 564 2607 si,
576 2551 676 2616 quum
691 2533 754 2608 ἔτην
767 2529 994 2616 eum-optativo
1003 2529 1096 2616 jungi
1111 2548 1205 2616 posse

159 2624 266 2702 negat,
281 2613 315 2678 in
328 2614 382 2679 illo
402 2614 478 2694 solu,
495 2619 557 2693 ἔτην
577 2616 670 2689 δᾶιδοις
688 2643 709 2678 π
746 2617 834 2680 alsine
850 2615 913 2682 Od.
929 2621 963 2678 B.
980 2618 1052 2680 105.
1076 2621 1110 2680 Τ.
1128 2618 1202 2680 150.

157 2705 200 2774 Ω.
217 2703 290 2765 140.
305 2699 464 2781 haesisset,
479 2723 542 2765 non
556 2700 685 2766 mirarer
694 2727 701 2766 :
710 2642 784 2766 aloc
798 2701 881 2766 enim
895 2701 1032 2789 aliquam
1049 2702 1203 2767 rationem

158 2787 269 2852 habet:
285 2787 341 2852 sed
355 2787 443 2875 quod
456 2786 520 2866 illa,
532 2809 613 2874 quae
628 2809 723 2874 supra
730 2787 838 2938 ριοειιί,
853 2800 964 2866 tentat,
980 2811 1095 2875 magno
1108 2811 1206 2875 opere

159 2873 265 2939 miror.
310 2874 394 2938 Nam
415 2873 448 2937 in
467 2873 535 2938 istis
552 2873 628 2938 loeis
645 2873 730 2938 omni
754 2897 792 2938 us
805 2897 905 2960 quum
919 2897 982 2938 uon
997 2874 1037 2938 de
1050 2897 1099 2952 eo,
1115 2873 1203 2960 quod
1253 2893 1258 2902 ·

159 2981 234 3024 vere
248 2959 394 3024 futurum
408 2959 514 3038 fuerit,
530 2959 585 3024 sed
602 2960 643 3024 de
656 2983 705 3039 eo,
720 2959 808 3046 quod
827 2973 865 3025 ut
882 2961 1029 3024 futurum
1047 2960 1205 3046 cogitabo

160 3059 227 3124 tur,
253 3067 354 3110 sermo
376 3045 426 3125 sit,
450 3057 592 3144 apponet,
615 3059 699 3110 reete
723 3045 899 3110 adhibitum
926 3069 992 3109 esse
1016 3045 1202 3132 optativum.

165 3133 213 3196 Ut
226 3131 261 3195 id
275 3131 380 3197 statim
398 3131 432 3196 in
449 3154 552 3218 pnmo
565 3131 738 3211 ostendam,
753 3154 817 3198 non
835 3131 895 3196 hoc
909 3131 995 3210 dicit,
1016 3141 1205 3214 prosternere

161 3219 331 3284 Hectorem
346 3218 469 3301 potetis,
483 3239 572 3302 ηιιιιιιι
592 3219 645 3282 ille
664 3219 717 3282 tibi
732 3241 827 3301 prope
844 3219 975 3282 venerit.-
998 3239 1100 3316 neque
1119 3217 1203 3280 enim

160 3315 333 3368 venturum
347 3315 518 3368 asseverat:
543 3303 598 3368 sed
608 3305 733 3386 poteris,
749 3326 840 3389 quum
856 3326 951 3387 prope
962 3313 1084 3383 οοιιοτιί,
1099 3304 1127 3366 ον’
1141 3304 1219 3388 εηιιὶ-7

161 3391 233 3454 dem
245 3391 351 3454 vestiet.
382 3389 506 3454 Eadem
520 3401 552 3454 et
565 3389 758 3488 reliquorum
771 3389 912 3456 locorum
925 3388 1005 3454 ratio
1019 3401 1076 3467 est,
1091 3402 1124 3454 et
1137 3387 1210 3454 illo-¹

160 3497 246 3553 rum,
272 3476 305 3540 in
331 3475 447 3562 quibus
473 3474 676 3541 Thiersohms
703 3499 734 3563 p.
759 3479 809 3541 13.
836 3475 1070 3563 conjunctivum
1094 3474 1211 3564 reponi.

160 3561 250 3627 vult:
276 3561 315 3626 Il.
331 3567 365 3626 Γ.
381 3564 433 3626 54.
450 3559 552 3626 οὐκᾶν
570 3587 611 3624 τοι
616 3562 759 3670 ’χραίσμῃ
774 3561 888 3646 κίόοιρις,
904 3562 943 3626 τά
955 3586 986 3625 τε
1001 3563 1060 3644 δῶρ’
1074 3560 1203 3643 Ἀφροδί·
1243 3637 1245 3643 y

161 3675 223 3727 της,
239 3649 298 3724 ἤτε
314 3647 396 3731 κόμη,
414 3647 448 3711 τό
465 3673 497 3712 τε
515 3647 592 3724 είδος,
613 3649 651 3718 οτῖ
674 3652 700 3710 ἐν
720 3647 822 3733 κονίησι
841 3646 960 3729 μιγείης.
999 3645 1204 3715 0621372.

161 3734 222 3802 οὐδὲ
244 3734 351 3799 πόλινδε
374 3734 505 3819 ἔρχομαι,
525 3737 548 3796 τί
568 3733 607 3814 μή
629 3732 680 3796 τιό
701 3759 728 3796 τι
750 3731 881 3819 περίφρων
901 3730 1074 3808 Πηνελόπεια
1095 3732 1207 3813 ἐλθέμεν

161 3819 314 3906 δτρόνησιν,
334 3817 373 3883 ὅτ’
395 3819 519 3904 ἀγγελίη
541 3819 618 3883 ποθὲν
640 3817 719 3882 ἔλίοι.
764 3819 848 3882 Nam
868 3840 971 3904 neque
985 3817 1110 3886 Helena
1123 3840 1205 3882 mor-

161 3917 229 3972 tem
250 3904 418 3970 denunoiat
439 3903 558 3982 Paridi,
581 3904 636 3969 sed
656 3904 811 3982 hortatur,
830 3917 867 3968 ut
888 3926 960 3968 oum
981 3903 1127 3968 Menelao
1145 3926 1208 3990 pu-

160 4002 250 4079 gnet,
266 3989 386 4058 salvum
400 3991 575 4058 rediturum
591 4013 606 4054 s
646 4013 734 4062 rans:
750 4013 853 4078 neque
867 3992 1040 4068 Eumaeus,
1054 3987 1110 4052 uhi
1124 4011 1208 4052 nun-

162 4073 376 4155 ciusvenerit,
391 4089 552 4166 tamquam
568 4075 594 4140 si
629 4100 667 4142 oo
687 4077 755 4140 fieri
777 4076 883 4154 soleat,
899 4099 931 4139 se
945 4075 1021 4139 dicit
1039 4073 1073 4150 in
1092 4075 1204 4138 urbem

161 4164 220 4241 ire,
236 4162 291 4227 sed
306 4163 330 4226 si
345 4163 426 4227 forte
439 4163 545 4228 veniat
563 4162 705 4228 nuncius.
751 4161 954 4228 Thierschius
971 4159 1099 4247 quidem
1119 4171 1206 4224 utro-

187 4273 228 4312 ue
246 4248 279 4314 in
300 4248 369 4338 loeo
386 4248 595 4326 oon'unctivo,
613 4248 669 4334 qui
689 4249 873 4337 praecedat,
885 4245 1060 4334 optativum
1080 4245 1212 4310 excludi

187 4334 248 4404 'eit
293 4337 367 4402 Hoc
381 4272 475 4422 quie
493 4336 543 4416 sit,
560 4333 670 4401 nescio.
717 4335 780 4415 Sed
795 4332 1012 4420 viderit,.quid
1032 4331 1127 4416 faeiat
1145 4332 1208 4398 hoc
