2998 5052
306 379 371 444 330
683 372 975 441 HERMANNI

306 547 357 627 sit,
369 545 448 635 quid
463 569 536 626 non,
549 545 723 620 efficiatur?
747 547 819 620 Hoc
832 545 909 610 mihi
924 543 1024 608 simile
1038 542 1175 622 videtur,
1190 557 1228 608 ut
1243 543 1268 608 ei
1283 544 1355 632 quis.

306 634 458 722 linguam,
474 656 570 722 quam
591 633 718 713 nesciat,
735 633 812 698 scire
827 655 859 696 se
873 631 967 710 dicet,
985 631 1010 694 si
1023 629 1145 694 lexicon
1161 633 1351 782 sceninge

306 734 369 787 tet:
394 743 489 808 quem
503 719 618 785 rectius
632 742 738 799 manu,
754 741 849 806 quem
864 731 969 782 mente
984 730 1089 782 tenere
1105 716 1244 804 linguam
1322 741 1351 782 e-

306 807 366 872 ris:
390 829 463 874 nam
478 806 566 892 quod
579 805 613 871 in
628 806 743 894 scripto
757 808 820 870 non
837 804 943 883 habet,
958 804 1054 868 habet
1073 807 1238 889 nusquam.
1285 805 1351 869 Ab·

307 893 347 957 sit
369 906 433 956 tam
455 897 563 958 excors
578 892 728 972 anxietas,
743 896 791 970 ut,
807 890 896 978 quod
911 913 1034 956 necesse
1048 901 1095 954 est
1108 889 1169 954 dici
1183 913 1287 976 posse,
1302 913 1352 955 ne-

307 1001 417 1066 gemus
431 1001 522 1065 posse
535 978 608 1059 dici,
624 978 683 1042 nisi
697 1001 786 1043 exem
809 977 913 1042 lorum
927 977 1018 1065 copia
1029 975 1120 1040 adsit.
1162 977 1209 1040 Et
1224 999 1351 1062 quaero,

307 1078 387 1164 quot
407 1064 557 1151 exemplis
578 1088 659 1153 opus
681 1064 729 1128 sit.
807 1087 858 1128 am
880 1085 979 1128 unum
998 1063 1022 1128 si
1041 1065 1098 1140 est,
1114 1061 1228 1150 corrigi
1241 1062 1349 1128 video:

307 1151 399 1216 vrdeo
413 1173 488 1214 vero
502 1151 597 1215 etiem
610 1150 734 1239 corrigi,
751 1150 777 1214 si
797 1149 942 1238 plurima
954 1153 956 1158 ’
987 1151 1125 1227 Interea,
1140 1148 1258 1229 donec,
1267 1164 1305 1214 ut
1320 1149 1351 1214 in

307 1237 499 1302 testamentis
514 1237 701 1316 condendis,
715 1237 785 1325 lege
807 1235 1012 1301 constitutum
1033 1234 1141 1313 luerit,
1159 1237 1240 1322 quot
1262 1249 1352 1301 testes

306 1323 517 1410 requirantur,
533 1324 670 1424 ego-uni
691 1324 788 1388 fidem
804 1322 937 1388 habebo.
982 1323 1067 1386 Nam
1082 1320 1194 1410 quidni
1207 1322 1271 1388 dici
1284 1347 1353 1411 pos-

176 1459 184 1468 ,
308 1409 358 1488 sit,
373 1421 408 1476 ut
422 1411 449 1474 ei
463 1411 532 1495 'qnia
543 1433 680 1491 connum
695 1408 884 1476 terebraret?
905 1432 970 1497 qua
989 1408 1093 1472 forma
1112 1421 1208 1496 poeta
1229 1423 1356 1499 propte,

307 1519 360 1560 rea
374 1496 486 1574 utitur,
501 1496 577 1584 quie
588 1496 742 1562 'in‘mente
764 1495 870 1575 habet,
885 1497 931 1560 ita
948 1495 1088 1582 Cyclopia
1105 1496 1225 1560 oculum
1239 1507 1352 1582 torque

307 1584 423 1660 bamur,
440 1592 595 1667 tumqttom
608 1585 635 1647 ei
650 1586 766 1648 trabem
781 1585 1001 1647 terebrarnnue.
1034 1583 1067 1646 N
1068 1587 1110 1646 on
1121 1582 1220 1647 semel
1234 1597 1349 1661 autem,

307 1668 446 1734 etsi'aliis
460 1692 533 1733 cum
547 1669 718 1758 particulis,
734 1670 788 1734 illa
800 1667 903 1734 forma
916 1692 992 1734 usus
1006 1680 1061 1732 est.
1095 1668 1133 1733 Il.
1151 1675 1186 1733 B.
1204 1671 1276 1737 780.
1294 1675 1316 1733 οἰ
1330 1670 1352 1730 δ’

306 1754 349 1866 ἄρ’
364 1753 440 1834 ἰ’σαν,
457 1758 493 1829 υἰς
507 1754 533 1818 εἰ
544 1783 575 1820 τε
589 1757 653 1843 πυρί
666 1755 745 1842 χθυίν
758 1763 840 1821 πάσα
855 1753 970 1836 νέμοιτο.
987 1759 1024 1820 Λ.
1040 1758 1113 1825 389.
1130 1759 1179 1819 erin
1193 1753 1303 1841 άλέγοο,
1318 1759 1351 1828 εἰς

307 1867 330 1905 ει
344 1866 380 1922 με
393 1845 461 1926 γυνῆ
476 1841 561 1920 βάλοι
576 1843 592 1920 ἤ
607 1841 672 1916 πάϊς
687 1841 789 1930 άφραν.
805 1847 844 1906 Χ.
856 1845 930 1908 410.
945 1847 985 1928 τιῇ
998 1843 1025 1904 δὲ
1039 1842 1159 1924 μάλιστ’
1174 1840 1218 1926 ἄρ’
1235 1840 1279 1920 ἔην
1293 1846 1350 1904 ένα-

214 1930 226 1942 ‘
307 1926 430 2011 λίγιιιον,
446 1929 481 2001 ets
496 1933 518 1991 εἰ
533 1925 633 1992 άπασα
648 1927 736 2004 Ἴλιος
759 1929 913 2016 ὀφρυόεσσα
934 1929 996 2012 πυρί
1012 1927 1154 2014 σμύχοιτο
1176 1930 1242 1992 κατ’
1257 1928 1349 2016 άνερης.

307 2012 370 2078 Od.
388 2018 413 2077 l.
428 2017 505 2078 313.
521 2018 610 2098 αὐτὰρ
626 2013 720 2077 ἔπειτα
735 2012 780 2090 old}
795 2013 917 2100 ἐπέθηχ’,
931 2017 968 2089 εἰς
981 2011 1009 2076 εἰ
1019 2040 1050 2077 τε
1066 2013 1184 2101 φαρέτρη
1201 2017 1274 2096 πῶμ’
1291 2019 1351 2078 έπι·

308 2098 369 2176 θείη.
387 2105 426 2164 K.
438 2101 510 2166 415.
527 2100 624 2177 θάκησε
639 2101 660 2162 θ’
676 2099 733 2185 άρα
747 2099 827 2180 σφίσι
843 2101 924 2181 θυμὸς
937 2098 971 2174 οἰς
987 2099 1060 2182 ἔμεν,
1076 2101 1113 2174 εἰς’
1126 2105 1148 2164 εἰ
1163 2101 1272 2185 πατρίδ’
1290 2099 1352 2164 taol-

307 2210 369 2248 ατο.
387 2187 459 2255 419.
476 2185 510 2260 εἰς
532 2187 686 2274 ἐχάρημεν,
707 2188 744 2260 νίς
766 2185 792 2252 εἰ
806 2189 831 2249 τ’
848 2189 884 2259 εἰς
898 2186 1006 2264 Ἰθάκην
1027 2185 1204 2268 άφιιιοίμεθα.
1228 2192 1262 2250 Ρ.
1279 2185 1349 2253 366.

306 2269 428 2334 πάντοσε
440 2274 513 2357 χεῖρ’
530 2271 644 2358 ὀρέγων,
658 2274 694 2346 νίς
709 2275 732 2334 εἰ
746 2269 859 2358 πτυνχθς
873 2271 965 2335 πάλαι
981 2269 1028 2350 εἰη.
1260 2323 1265 2330 .
1342 2323 1346 2332 .

351 2358 480 2422 Possem
501 2356 552 2421 hic
573 2358 667 2422 finem
688 2357 799 2423 facere.
846 2357 909 2422 Sed
923 2357 1037 2437 addam
1053 2372 1157 2424 tamen
1171 2356 1248 2422 elias
1262 2382 1352 2457 quas-

307 2443 379 2508 dem
389 2444 623 2508 'ob'ser'vationes
645 2444 685 2509 de
707 2443 808 2510 modis
826 2445 995 2509 verborum
1011 2444 1045 2508 in
1059 2444 1352 2533 mmparationrbus.

306 2532 365 2598 Ac¹
381 2530 485 2618 primo
506 2529 722 2610 Thierschius,
741 2529 785 2594 θτε
805 2554 877 2596 curn
899 2531 1068 2596 indicativo
1111 2531 1261 2596 raesentis
1283 2555 1352 2596 oon-

306 2614 386 2682 strui
400 2639 528 2703 negans,
544 2615 638 2682 etiam
652 2641 705 2682 cos
719 2617 802 2684 locos
817 2617 959 2698 tentavit,
974 2617 1009 2683 in
1029 2555 1145 2705 quidus
1162 2617 1240 2682 haec
1259 2617 1352 2706 parti-

305 2701 378 2768 cula
398 2725 461 2767 non
483 2703 687 2790 praecedente
705 2707 739 2778 εἰς
754 2703 787 2768 in
803 2703 1088 2792 comparationibus
1101 2703 1290 2769 inveniatur.
1313 2704 1351 2769 Il.

306 2794 341 2852 B.
358 2789 430 2856 471.
454 2787 516 2868 ἠΰτε
538 2789 646 2873 μυιάων
665 2789 782 2854 ἁδινάων
804 2791 877 2856 ἔθνεα
898 2794 1005 2870 πολλοὶ,
1027 2791 1060 2854 αἰ
1077 2793 1209 2855 τενιαταί
1231 2791 1354 2876 σταθμίν

304 2871 442 2957 ποιμνήϊον
465 2875 636 2953 ἠλάσκουσιν
659 2874 711 2964 ιθρη
734 2881 761 2939 ἐν
785 2883 902 2964 εἰαρινῇ,
916 2877 961 2942 άτε
977 2903 1009 2940 τε
1030 2877 1144 2962 γλάγος
1157 2877 1258 2962 άγγεα
1276 2878 1351 2942 teta.

306 2965 347 3025 Π.
371 2958 444 3025 641.
468 2963 504 3035 εἰς
525 2960 569 3026 άτε
590 2967 669 3043 μυῖαι
690 2963 808 3050 σταθμῷ
832 2963 867 3026 ἔνι
891 2961 1030 3049 βρομέωσι
1055 2963 1251 3049 περιγλαγέας
1276 2967 1356 3028 aare

304 3045 425 3128 πέλλας,
440 3045 493 3134 άρη
509 3051 535 3112 ἰν
549 3052 662 3134 εἰαρινῇ,
679 3047 722 3112 άτε
734 3057 768 3112 ’τε
785 3050 898 3135 γλάγος
920 3047 1017 3134 άγγεα
1039 3049 1118 3114 tato.
1143 3050 1261 3116 OdaeX.
1279 3053 1349 3120 399.

304 3131 367 3209 βθες
388 3135 423 3208 ὥς
445 3138 593 3217 άγελαῖαι,
609 3139 660 3210 τοίς
680 3135 731 3217 μέν
753 3137 778 3200 τ’
797 3135 888 3209 αἰάλος
909 3134 1015 3219 οἰστρος
1039 3136 1193 3218 ἐφορμηθεὶς
1219 3137 1349 3214 ἐθάνησεν,

304 3217 356 3305 ιθρη
372 3223 398 3282 ἰν
414 3224 525 3306 εἰαρινῇ,
541 3219 586 3284 άτε
600 3222 625 3301 τί
640 3221 738 3306 ἤματα
752 3224 851 3308 μακροὶ
864 3220 1009 3285 πέλονταιε
1024 3245 1098 3287 cum
1135 3247 1179 3286 uo
1188 3221 1258 3288 loco
1268 3221 1351 3286 hunc

303 3317 464 3390 comparet
478 3307 514 3372 Σ.
531 3305 605 3371 366.
622 3312 645 3372 εἰ
658 3312 717 3393 γάρ
733 3303 860 3391 νῶἰνέρις
875 3306 965 3393 ἔργοιο
985 3307 1092 3390 γένοιτο
1112 3335 1165 3397 αρη
1187 3315 1215 3373 ἐν
1237 3314 1349 3397 εἰαρινῇ,

221 3465 223 3470 Ι
304 3387 348 3452 άτε
372 3391 397 3452 τ’
421 3390 518 3471 ἤματα
540 3397 639 3478 μακροὶ
660 3393 802 3456 πέλονται.
836 3392 874 3456 Il.
896 3400 938 3456 Π.
960 3396 1033 3458 384.
1057 3396 1091 3470 cis
1114 3396 1135 3457 θ’
1155 3397 1206 3460 3σί
1229 3394 1348 3460 λαίλαπι

303 3480 384 3540 πάσα
406 3474 519 3554 κελαίνη
540 3476 650 3564 βέβριθε
695 3476 744 3540 θαίν
766 3478 850 3562 ἤματ’
871 3483 1001 3564 θπαιρινῷ,
1024 3479 1069 3564 dre
1089 3480 1267 3565 λαβρότατον
1287 3481 1348 3568 χέει

303 3557 372 3646 ι’ίδιορ
396 3563 475 3642 Ζεὺς,
494 3562 538 3627 θτε
556 3563 585 3642 θῆ
604 3565 630 3650 ῥ’
651 3567 779 3650 ανθρεσσι
802 3564 1004 3647 κοτεσσάμενος
1024 3567 1182 3654 χαλεπήνῃ,
1197 3568 1222 3648 οἰ
1244 3567 1292 3656 βίη
1315 3573 1349 3632 εἰν

303 3649 393 3734 ἀγορῇ
415 3653 534 3724 σκολιάς
555 3648 666 3735 κρίνουσι
689 3649 831 3732 θέμιστας,
848 3654 879 3714 ἰν
902 3652 929 3714 δί
952 3651 1026 3729 δίκην
1048 3652 1185 3732 ἰλάσασι,
1208 3655 1271 3720 θεῶν
1293 3655 1348 3719 ὄπιν

303 3735 352 3795 oria
379 3733 537 3818 ἀλέγοντες.
584 3735 698 3810 Omisit
720 3740 759 3800 N.
783 3739 857 3801 334.
879 3740 915 3810 αἰς
938 3739 959 3798 θ’
983 3737 1018 3802 ὅθ’
1042 3737 1092 3804 ried
1115 3739 1219 3823 λιγέων
1243 3741 1348 3823 άνέμανν

303 3817 466 3932 σπέρχωσιν
480 3817 584 3884 ἄελλαι
598 3821 684 3901 ἤματι
699 3826 751 3908 τῷ,
765 3819 810 3886 άτε
822 3849 853 3887 τε
872 3823 990 3900 πλείστη
1012 3823 1081 3900 νεάνις
1102 3826 1175 3910 άμρί
1198 3817 1347 3904 κελεύθους,

302 3905 351 3970 οίτ’
374 3907 472 3988 αριυθις
489 3904 582 3984 ’κονίης
596 3907 725 3991 μεγάλην
749 3913 857 3982 ἰστᾶσιν
880 3909 1014 3994 ὀμίχλην,
1029 3911 1134 3990 credo,
1149 3913 1237 3998 quod
1256 3913 1347 3978 etiam

302 3992 521 4079 conjunctivus
542 3991 734 4106 subintelligi
754 4008 867 4080 posset
913 3995 1063 4083 Neglexit
1076 4003 1114 4064 Ψ.
1125 4001 1199 4069 598.
1219 4002 1255 4074 αἰς
1277 3999 1304 4063 εἰ
1317 4026 1347 4063 τε

301 4080 361 4164 περί
376 4081 554 4165 σταχύεσσιν
568 4078 645 4165 ἐέρση
668 4094 746 4157 ληιου
768 4083 963 4160 άλθῆσηοντος,
983 4081 1027 4146 άτε
1048 4083 1210 4166 φρίσσουσιν
1224 4084 1344 4172 ἄρουραι.

302 4161 345 4228 ln
358 4163 408 4228 his
421 4163 519 4252 igitur
539 4164 625 4244 locis,
641 4188 721 4254 quos
742 4167 858 4248 attulit,
874 4168 1020 4234 omnibus
1034 4173 1134 4258 p..17.
1151 4195 1236 4260 seqq.
1252 4171 1346 4236 auda-

301 4263 366 4315 cter
387 4250 623 4338 conjunctivum
644 4252 753 4340 reponi
774 4253 851 4319 vult.
897 4256 992 4334 Quod
1011 4281 1070 4356 ego
1085 4257 1241 4344 judicium
1257 4257 1355 4322 vehe-.

302 4350 422 4400 menter
443 4337 549 4417 miror,
566 4351 640 4404 tum·
656 4352 786 4427 propter
804 4363 897 4406 usum
913 4342 1057 4422 Homeri,
1073 4357 1142 4408 tum
1157 4357 1286 4433 propter
1299 4349 1353 4407 re-'
