3008 5056
468 393 536 460 An
559 389 709 458 mmo.
732 392 769 458 a.
792 392 864 460 ms.
1126 381 1190 468 lia
1311 398 1315 412 ·

151 569 209 622 tem
223 556 283 626 hoc
296 559 365 650 ipm
378 561 504 628 laudem
519 583 577 628 suo
590 562 631 628 cti·
703 563 867 651 qnaesivit,
878 561 966 663 quod
978 561 1079 628 omnis
1091 559 1189 637 bisto-

148 645 210 709 riae
224 647 387 714 Romanae
400 649 599 738 complexum
612 585 749 737 edilium
767 649 946 738 cogitauoni
965 647 1078 714 mentis
1092 646 1188 733 subji-

149 752 213 796 oere
227 733 346 808 voluit;
370 735 526 802 mentione
547 735 622 800 artis
642 759 771 823 prorsus
792 736 880 801 nulla
899 736 992 800 facta.
1037 733 1189 798 Habebat

148 831 251 882 autem
265 843 405 887 caussam
419 821 645 907 gravissimam,
660 845 717 886 cur
736 823 796 888 hoc
811 833 1002 909 sequeretur,
1017 817 1190 905 argumenti

149 903 280 972 enimin
297 905 397 993 clipeo
414 907 552 994 expressi
572 909 668 972 vobit
689 929 754 974 aare
774 919 948 974 coroadam
969 907 1100 992 utiquam
1120 925 1188 968 cum

149 998 324 1074 wgttmento
338 994 496 1058 cumano.-
511 1017 560 1058 res
574 994 657 1059 enim
672 995 834 1059 Romanae
849 993 1011 1081 sculptura
1024 1013 1188 1078 expressae

145 1075 244 1140 adeo
265 1101 373 1142 rerum
392 1078 574 1144 futurarum
595 1080 729 1166 provido
749 1081 908 1146 habebant
923 1077 1011 1166 quod
1030 1099 1102 1142 cum
1122 1077 1189 1140 Ae-

148 1161 235 1226 neide
252 1163 451 1238 convenirem
475 1165 631 1230 adducere
650 1189 746 1253 porro
765 1165 819 1230 ille
832 1164 934 1230 voluit
951 1185 1058 1229 rerum
1077 1162 1188 1228 seriem

99 1323 101 1328 Ι
147 1247 186 1310 ad
210 1273 353 1336 pugnam
378 1251 552 1331 Actiacam,
574 1275 657 1338 quae
681 1252 865 1339 primarium
891 1251 957 1326 scul
981 1263 1071 1315 turae
1095 1239 1219 1336 argu-'

147 1347 285 1402 mentum
300 1335 511 1408 constitueret.
556 1340 605 1402 At
624 1337 712 1424 signa
730 1338 764 1412 in
779 1337 925 1404 Achilleo
941 1275 1050 1423 ciipeov
1058 1355 1190 1422 prorsus

148 1419 221 1486 nihil
240 1421 373 1502 habent,
391 1423 478 1508 quod
499 1446 572 1490 cum
595 1424 706 1501 Iliade,
728 1447 802 1488 cum
823 1422 957 1488 Achillis
978 1421 1083 1499 rebus,
1105 1443 1189 1500 com-

147 1528 238 1572 mune
253 1507 313 1584 sit;
337 1507 533 1574 constituunt
553 1508 775 1597 digressionem
796 1531 924 1597 prorsus
943 1507 1075 1572 alienam
1090 1530 1110 1571 a
1123 1530 1191 1582 car-

147 1593 236 1672 mine,
250 1611 290 1662 et
311 1593 476 1662 abducunt
497 1595 636 1662 animum
656 1619 798 1664 aterum
821 1617 952 1672 summa,
975 1593 1109 1679 ideoque
1129 1616 1189 1680 pro

145 1679 282 1828 ppisqdio
296 1679 426 1767 quidem
441 1681 529 1745 suavi
543 1705 600 1769 per
610 1705 642 1746 sc
657 1695 689 1746 et
698 1681 843 1770 jucundo
856 1679 965 1754 haberi
978 1693 1120 1766 possunt,
1134 1678 1189 1742 sed

175 1766 252 1844 eno,
276 1766 393 1844 inutili,
418 1779 545 1832 etcum
570 1791 677 1832 rerum
702 1768 935 1835 tractandarum
958 1788 1081 1830 summa
1103 1764 1188 1829 omni

146 1851 278 1932 vinculo,
302 1852 497 1950 cognatione,
524 1853 715 1932 necessitate,
737 1853 900 1918 destituto.
946 1854 1036 1926 Haec
1062 1851 1087 1915 si
1113 1852 1190 1917 Les·

145 1961 232 2090 sqqfiu
245 1938 384 2006 acummi
404 1961 436 2002 se
455 1939 651 2017 obtulissent,
667 1963 730 2004 non
747 1939 799 2004 ifle
821 1940 861 2004 de
881 1953 1016 2024 utroque
1035 1937 1135 2024 clipeo
1152 1960 1190 2000 ea

140 2047 153 2109 J
208 2038 320 2104 casset,
336 2047 417 2110 quae
438 2024 481 2090 iu
492 2025 674 2096 Laocoonte
697 2027 824 2092 XVIII
848 2026 908 2090 sub
929 2025 951 2088 f.
974 2047 1006 2111 p.
1024 2025 1096 2088 188.
1114 2025 1186 2092 189.

166 2110 347 2180 ronuntiata
361 2124 442 2174 sunt.
489 2113 607 2176 Verum
622 2112 663 2176 de
677 2111 850 2202 virgiliano
865 2111 966 2199 clipeo
980 2109 1054 2174 satia
1068 2110 1189 2174 dictum

146 2197 234 2264 estin
251 2199 336 2266 Exc.
353 2197 410 2260 1v.
425 2196 469 2288 ad
482 2198 566 2262 Aen.
580 2199 679 2262 VIII.

204 2691 206 2696 ι
300 2565 619 2654 uxouasus
653 2571 738 2654 Ao
768 2569 957 2652 urso.
989 2583 1030 2648 r.

527 2803 810 2856 ...ψ-

489 2967 784 3041 EXCURSUS
825 2969 855 3038 Ι.

600 3093 652 3155 De
666 3095 733 3157 Ate.

141 3197 177 3276 T.
191 3175 245 3273 90.
268 3202 327 3276 θεὸς
352 3203 395 3263 tot
419 3201 513 3266 πάντα
536 3207 654 3290 τελευτᾷ
675 3201 799 3292 πρέσβα,
823 3203 888 3280 Διὸς
911 3201 1046 3292 θυγάτηρ,
1064 3200 1151 3282 ‘Arm
1173 3200 1189 3282 ἦ

263 3287 373 3362 πάντας
392 3291 491 3366 ἀᾶται,
507 3288 649 3370 οὐλομένη,
665 3297 712 3366 τῆς
726 3291 776 3374 μέν
792 3292 812 3354 θ’
828 3291 933 3357 ἁπαλοὶ
948 3287 1068 3364 etta-

155 3461 161 3468 ,
183 3397 451 3484 Quandoquidem
472 3397 554 3462 inter
574 3397 739 3486 primarios
757 3401 892 3482 fructus,
907 3424 988 3488 quos
1001 3424 1041 3464 ex
1057 3401 1191 3466 Homeri

138 3483 274 3558 Iactione
289 3498 448 3634 reportare
462 3484 618 3564 volumus,
634 3499 681 3550 est
702 3487 852 3554 sermonis
873 3486 994 3573 antiqui
1008 3486 1098 3565 ratio,
1113 3487 1192 3574 pris-

144 3594 316 3670 corumque
353 3571 493 3644 ominum
506 3593 576 3654 mos
589 3585 621 3636 et
636 3595 712 3654 usus
725 3596 822 3640 novas
834 3593 940 3646 rerum
958 3572 1098 3650 notiones
1119 3596 1192 3637 con-

140 3657 279 3744 cipiendi
305 3671 338 3722 et
359 3657 549 3736 declarandi,
563 3657 699 3724 maxime
724 3658 750 3722 si
772 3672 876 3723 mente
895 3672 1019 3735 tantum
1042 3673 1074 3723 et
1091 3658 1191 3736 animi

141 3739 260 3828 judicio
284 3743 402 3830 percipi
423 3767 473 3808 res
495 3757 643 3829 possunt:
668 3743 708 3808 de
728 3747 786 3809 Ate
803 3745 909 3810 licebit
929 3768 1031 3832 pauca
1052 3768 1189 3822 mouere,

145 3830 199 3903 etsi
213 3829 255 3894 de
270 3853 315 3897 ea·
318 3829 386 3916 jam
400 3829 475 3894 olim
489 3853 509 3892 a
521 3852 572 3894 me
587 3843 655 3894 tum
670 3830 711 3895 ab
723 3830 790 3895 aiiis
810 3845 928 3911 actum,
943 3845 975 3896 et
997 3853 1093 3919 supra
1107 3853 1191 3916 ,quo-

140 3935 205 3999 .que
220 3915 263 3980 ad
279 3920 305 3980 I.
321 3916 384 3980 115
406 3916 439 3980 in
461 3915 554 3980 Notis
575 3915 615 3981 de
636 3939 674 3982 ea
696 3917 840 3994 universe
860 3917 1014 3994 monitum
1029 3930 1084 3993 est.
1112 3919 1192 3990 ,Est

144 4001 225 4064 enim
239 4025 279 4066 ea
293 4023 360 4087 pro
367 4001 510 4088 exemplo
523 4026 583 4071 exo
606 4016 672 4067 tato
686 4004 836 4068 sermonis
856 4002 1051 4101 antiquioris,
1067 4001 1192 4090 symbo-

145 4084 200 4150 lice
224 4087 340 4152 mentis
369 4087 506 4174 cogitata
530 4089 587 4154 dec
675 4089 725 4168 tis,
752 4113 770 4154 e
794 4113 859 4189 quo
885 4104 951 4154 uati
977 4100 1051 4164 sunt
1075 4086 1189 4174 mythi,

138 4173 238 4259 tropi,
250 4174 470 4262 phantasmata
484 4187 515 4238 et
529 4189 711 4240 ornamenta
724 4190 847 4262 poenos
859 4189 890 4240 et
904 4173 1065 4239 rhetorica.
1089 4175 1192 4238 Porro
1247 4189 1250 4196 ’

141 4256 204 4322 boc
227 4283 318 4326 exem
341 4259 374 4324 lo
395 4259 587 4326 declaratum
609 4260 953 4350 habemus,·quomodo
974 4260 1007 4324 in
1027 4259 1192 4334 hominum

145 4363 286 4415 sermone
332 4346 457 4432 ngendo
477 4348 519 4412 ab
540 4348 644 4435 aquua
666 4348 792 4416 notione
806 4347 874 4414 voci
888 4347 1030 4434 subjecta
1050 4369 1112 4414 non
1126 4363 1193 4413 tarn
1271 4356 1273 4361 '

654 4456 673 4496 n
