3026 5056
502 356 571 420 nn
594 355 742 420 mma.
767 359 804 418 A.
827 353 877 423 66.
1194 357 1217 422 ν
1311 433 1315 444 ,

161 541 241 589 aaron
258 548 317 613 pro
331 525 478 604 βούληται.
524 528 606 592 Sunt
620 539 723 593 tamen
737 529 832 594 etiam
847 526 990 614 exempla
1004 551 1080 591 usus
1096 527 1213 592 indica-

161 612 217 678 tivi
232 611 341 676 similis
355 612 387 676 in
401 613 470 677 aliis
484 615 688 701 temporibus,
704 616 786 680 utin
802 617 858 679 ἵνα.
897 615 960 678 Ins.
973 613 1038 678 363
1051 615 1095 676 ἵνα
1110 614 1212 696 εἴδομεν
1241 613 1244 618 ’

162 699 259 781 ἄμφω.
298 699 395 764 sicet
410 703 452 763 Θ.
472 701 512 764 18
526 701 570 763 ίνοι
584 701 665 764 εἴδετε
678 703 790 783 πάντες,
804 702 878 766 item
893 703 936 765 ίνοτ
950 704 989 783 μὴ
1003 699 1115 788 ῥέξομεν
1129 699 1212 775 atra,

163 792 205 849 Η.
220 787 295 850 353.
341 787 452 872 Atque
466 785 517 852 hic
531 786 691 852 indicativi
708 813 783 853 usus
802 789 835 852 in
848 789 894 851 ίνοι
908 801 939 852 et
955 786 1106 851 similibus
1126 810 1212 850 man-

163 871 202 935 sit
216 871 305 958 apud
319 873 456 951 Atticos,
473 885 509 937 ut
526 873 567 937 ad
583 875 737 962 Tragicos
759 892 850 962 saepe
872 872 1026 938 monitum
1049 888 1096 936 est
1117 873 1213 960 inpri-

162 957 220 1021 mis
234 981 254 1020 a
269 957 441 1022 Brunckio.
464 958 535 1038 ὄφρα
550 960 641 1024 simili
659 961 754 1026 modo
767 985 841 1027 cum
855 960 1023 1025 indicativo
1034 959 1127 1046 jungi
1144 959 1212 1024 vul-

162 1057 273 1152 gatum
288 1056 352 1116 est;
377 1059 410 1108 at
423 1044 457 1108 in
473 1047 615 1112 Homero
629 1048 723 1112 etiam
738 1046 808 1134 ὄφρα
824 1074 877 1112 κεν.
924 1049 965 1110 In
981 1053 1015 1110 B.
1032 1046 1211 1128 44οἿομεν,

164 1149 233 1216 οφροι
249 1159 280 1194 κε
296 1133 401 1194 θᾶσσον
415 1131 557 1220 ἐγείρομεν
572 1133 745 1222 οἜὺνἈρηα.
1223 1163 1226 1168 ’

206 1217 352 1280 Vidimus
367 1241 478 1292 usum3
503 1220 611 1305 quaeri
630 1233 734 1307 potest
754 1220 795 1285 de
815 1220 1019 1308 grammatica
1039 1219 1159 1282 ratione
1181 1232 1213 1283 et

162 1317 279 1368 caussa.
325 1302 433 1368 Videri
454 1322 586 1392 possunt
607 1307 676 1371 loca
695 1307 749 1372 illa
769 1307 928 1394 requirere
948 1305 1119 1370 necessario
1140 1305 1213 1368 sub-

158 1390 350 1476 junctivum,
364 1389 410 1455 ita
424 1402 461 1454 ut
475 1392 616 1478 ἐγείρομεν
629 1392 748 1458 dictum
765 1395 804 1458 sit
848 1417 884 1458 ro
898 1393 1057 1479 ἐγείρωμεν,
1071 1392 1212 1478 adeoque

162 1499 248 1540 corre
273 1491 341 1540 tum
355 1477 397 1540 sit
410 1505 433 1540 o
447 1500 505 1564 pro
520 1504 542 1541 0.
589 1479 794 1566 Conjectabat
846 1501 1013 1544 ermannus
1031 1478 1072 1543 de
1087 1478 1212 1556 Mettis,

161 1563 228 1626 fieri
242 1500 314 1641 poc,
329 1563 406 1650 quia
419 1563 461 1628 ob
475 1565 712 1650 praecedentem
727 1577 889 1631 accentum
904 1565 1024 1652 syllaba
1037 1563 1133 1650 longa
1146 1588 1213 1628 cor-

161 1650 221 1748 ripi
243 1649 392 1736 potuerit.
437 1652 511 1730 Hoc
533 1665 638 1716 tamen
659 1652 763 1740 ipsum
785 1664 831 1716 est
853 1651 983 1739 aliquid,
998 1650 1085 1749 quod
1100 1673 1213 1728 novam

161 1736 359 1801 muationem
386 1736 471 1801 facit.
516 1737 602 1802 Mihi
627 1739 741 1803 horum
765 1739 962 1826 aliorumque
990 1736 1214 1824 srmplicissima

161 1823 242 1900 ratio
265 1846 332 1887 esse
353 1822 520 1888 videbatur
544 1825 715 1912 repetenda
736 1850 756 1890 a
776 1825 878 1912 prisco
904 1847 1045 1889 sermone
1070 1823 1212 1888 nondum

162 1908 235 1974 satis
248 1908 453 1996 grammatice
472 1911 643 1976 constituto
662 1925 693 1977 et
711 1909 867 2012 expolito3
892 1910 1044 1999 inprimis,
1060 1909 1213 1999 quamdiu

163 2018 228 2058 nou
247 1996 307 2060 nisi
327 2018 404 2060 aure
423 1995 679 2084 dijudicabantur
700 2021 778 2078 som,
801 1997 943 2063 nondum
965 1997 1136 2096 scripturae
1158 1996 1213 2060 ad-

164 2093 273 2168 spectu
299 2095 332 2147 et
353 2082 481 2147 intuitu.
526 2084 680 2149 Fundum
702 2085 797 2151 habet
818 2085 895 2150 haec
915 2082 1055 2171 opinatio
1076 2083 1109 2147 in
1130 2106 1213 2147 com-

163 2168 252 2232 muni
273 2168 415 2233 omnium
436 2169 616 2258 lingrmrum
637 2171 773 2236 fortuna.
819 2172 893 2234 Non
912 2169 1006 2249 enim,
1023 2167 1083 2233 nisi
1104 2169 1213 2248 serius,

163 2278 202 2318 cx
217 2278 284 2342 quo
298 2254 425 2343 linguae
438 2255 550 2322 litteris
564 2270 744 2337 exarantur,
759 2257 860 2322 multo
874 2280 934 2322 usu
950 2255 1130 2336 accedente,
1141 2255 1215 2320 sub-

162 2341 246 2406 tilior
266 2341 472 2429 grammatica
491 2344 700 2408 constituitur.
747 2343 833 2423 Quid
847 2343 933 2431 quod
955 2366 1012 2408 nec
1028 2342 1061 2405 in
1076 2339 1215 2430 expolito

163 2450 305 2492 sermone
326 2429 441 2509 omnia,
464 2453 546 2517 quae
571 2431 778 2497 severioribus
801 2429 975 2518 praeceptis
998 2427 1216 2517 grammatices

163 2529 354 2604 repugnant,
370 2515 493 2581 sublata
507 2530 582 2582 sunt
595 2529 651 2582 aut
671 2517 737 2582 tolli
756 2529 906 2606 possunt:
929 2528 967 2581 ut
981 2515 1014 2579 in
1028 2513 1139 2580 Attico
1153 2537 1216 2578 ser-

163 2625 255 2666 mone
269 2601 358 2666 haud
372 2625 474 2690 pauca
487 2614 667 2684 occurrunt,
679 2627 761 2692 quae
774 2601 985 2692 grammaticis
996 2626 1031 2666 re
1088 2601 1115 2664 is
1128 2599 1217 2665 haud

163 2687 364 2775 respondent,
376 2689 568 2776 optimorum
579 2703 684 2756 tamen
698 2691 886 2779 scriptorum
901 2713 961 2756 usu
975 2713 1034 2777 pro
1075 2701 1108 2753 ta
1122 2699 1213 2762 sunt3
1318 2743 1320 2746 .

163 2774 442 2872 quemadmodum,
454 2789 492 2841 ut
500 2799 600 2842 unum
614 2801 864 2854 commemorem,
899 2776 963 2842 uod
978 2775 1097 2840 neutris
1110 2774 1218 2862 plura-

59 2929 66 2933 ,
164 2859 248 2926 bbus
259 2862 393 2926 verbum
403 2862 559 2950 singulare
574 2863 757 2951 subjicitur;
774 2864 862 2951 quod
872 2802 958 2941 ilim,
970 2876 1008 2926 ut
1021 2861 1071 2925 vel
1086 2884 1126 2926 ex
1142 2859 1217 2924 Pin-

168 2947 245 3012 daro
261 2960 361 3036 patet,
377 2949 470 3014 etiam
485 2949 518 3012 in
537 2949 717 3014 masculinis
735 2965 767 3014 et
785 2948 942 3013 femininis
960 2945 1136 3034 pluralibus
1155 2968 1217 3010 usu

165 3048 304 3113 venerat,
319 3045 429 3099 contra
441 3035 542 3100 bonae
555 3037 777 3124 grammaticae
794 3035 905 3122 legem.
951 3033 1062 3099 Potuit
1075 3055 1216 3130 quoque,

166 3129 301 3208 reperto
307 3121 377 3208 jam
399 3133 431 3186 et
449 3122 580 3209 vulgato
602 3120 757 3187 scribendi
782 3143 843 3186 usu
868 3120 975 3186 oculos
999 3119 1042 3186 ad
1063 3119 1216 3184 incurram

166 3230 296 3272 avocare
318 3229 395 3272 usus
415 3215 465 3272 τοῦ
479 3234 492 3271 ο
507 3208 705 3296 promiscuus
726 3209 820 3275 etiam
842 3231 901 3295 pro
919 3235 952 3288 a,
973 3221 1004 3274 et
1023 3206 1111 3295 quod
1127 3231 1139 3268 ε
1154 3218 1216 3284 εῑη

165 3293 275 3358 iisdem
290 3293 522 3360 characteribus
537 3297 754 3362 exarabantur.
800 3294 937 3360 Facilius
956 3295 1063 3382 itaque
1079 3315 1137 3380 per
1151 3290 1219 3356 lon-

166 3404 244 3468 gum
258 3395 384 3468 tempus
398 3380 494 3446 latere
511 3381 616 3469 potuit
629 3382 742 3448 vitium
762 3383 795 3446 in
809 3381 923 3461 verbis,
939 3381 972 3445 in
986 3380 1104 3468 quibus
1122 3379 1218 3466 longa

166 3467 282 3532 vocalis
295 3480 439 3555 correpta
451 3483 526 3534 erat.

211 3555 437 3641 Quaecumque
460 3557 667 3621 tamen.ratio
692 3557 787 3622 fuerit
812 3555 909 3642 hujus
934 3552 1100 3627 licentioris
1122 3553 1215 3616 usus':

167 3726 249 3806 ricis,
273 3729 320 3812 (et
344 3750 495 3816 magnum
520 3730 736 3816 exemplorum
761 3725 929 3794 numerum
950 3727 1096 3816 apposuit
1117 3748 1219 3817 nuper

169 3815 322 3878 Herman.
345 3814 385 3878 de
408 3815 523 3881 Mettis
543 3839 575 3903 p.
595 3818 662 3901 85.)
686 3817 761 3903 poni
785 3815 989 3881 indicativum
1010 3838 1069 3902 pro
1089 3812 1219 3898 conjun-

169 3899 252 3966 ctivo
267 3902 348 3987 (quo
362 3901 456 3966 etiam
470 3903 604 3966 referam
617 3908 656 3966 Φ.
670 3905 736 3971 lar
749 3905 781 3967 τὸ
795 3905 845 3984 μὲν
859 3901 985 3987 αἴσχιον,
1000 3901 1033 3964 al
1046 3901 1071 3964 κ’
1087 3893 1218 3982 ἀμαχητὶ

168 3987 271 4070 ἴομεν).
308 3987 417 4052 Variat
431 4011 559 4075 quoque
573 3989 718 4054 futurrun
732 3988 893 4054 indicativi
913 4011 986 4053 cum
1007 3983 1128 4050 aoristis
1148 3981 1220 4045 sub-

163 4072 311 4158 junctivi,
321 4074 369 4138 uti
378 4073 433 4138 inf.
444 4079 483 4140 A.
493 4076 624 4142 142-,4
633 4083 676 4140 νῦν
685 4079 707 4139 δ’
717 4075 783 4160 ἆγε,
794 4075 1048 4160 νῆα-ἐρύσσομεν,
1058 4068 1218 4154 ἀγείρομεν,

168 4158 282 4241 θείομεν,
294 4161 428 4243 βήσομεν,
440 4173 472 4225 et
482 4161 596 4250 corripi
610 4161 735 4227 videtur
749 4163 843 4248 longa
856 4159 970 4226 vocalis
984 4160 1017 4222 iu
1030 4155 1085 4220 illo
1100 4161 1138 4217 E.
1154 4155 1219 4218 555

168 4245 213 4308 tto
228 4244 322 4311 λέοντε
337 4246 486 4333 ἐτραφέτην
497 4271 556 4336 pro
567 4248 728 4336 ἔτραφῆίην.
743 4261 775 4315 et
788 4254 830 4312 H.
841 4250 905 4317 199
915 4260 948 4309 et
960 4244 1000 4308 al.
1012 4240 1149 4330 τραφέμεν
1159 4263 1219 4330 pro

9 4395 11 4418 .
103 4383 105 4386 ·
168 4337 322 4420 fellium,
337 4335 507 4422 τροφήμενοον
522 4334 581 4401 nisi
595 4336 727 4484 verburp
742 4335 805 4400 fuit
817 4333 952 4421 τράφημο,
968 4330 1117 4415 adolesco.
1210 4409 1214 4418 ι

667 4443 686 4484 a

168 3639 280 3706 sufficit
295 3663 362 3706 rem
376 3665 442 3706 esse
455 3641 623 3707 observatu
638 3643 762 3708 obviam
777 3641 947 3707 innumeris
961 3641 994 3705 in
1007 3640 1083 3705 locis
1099 3641 1218 3703 Home-

9 4559 11 4592 l
