2998 5052
470 385 538 452 AD
562 384 713 456 ILIAD.
735 392 772 454 Ψ.
789 391 841 454 84.
1107 393 1173 465 207

125 577 221 621 cursu
242 569 355 632 auct0;
378 557 612 648 hinc-poeticae
634 559 748 630 retium
771 560 841 650 ipsa
859 563 1064 650 grammatica
1081 563 1176 633 debet

124 641 283 731 plurimu
296 643 385 743 ipsa,
401 657 492 745 puto,
507 661 687 736 augmenta,
702 671 785 748 quae
798 648 891 716 metri
909 659 941 714 et
953 649 1176 738 modulationis

124 753 235 797 caussa
256 751 396 819 primum
416 746 545 799 mveuta
573 757 639 800 esse
667 759 818 826 suspicor,
840 748 923 802 certe
944 736 1043 804 serius
1064 760 1103 804 ea
1125 762 1177 806 ao-

124 816 404 907 mappam.
768 845 770 852 ’
1146 849 1147 854 ¹

168 905 248 970 Post
261 904 339 971 haec
353 919 459 972 tomen
472 905 578 972 omnia
591 918 694 974 aetate
707 908 880 974 Homerica
893 933 1067 976 sermonem
1076 911 1176 979 Grae-

123 1013 235 1058 corum
255 991 397 1058 nondum
418 993 461 1058 sd
481 1017 554 1059 eum
570 993 704 1060 modion,
720 995 915 1062 elaboramus
931 993 1175 1078 fluescunt-ad

124 1078 1176 1260 lffleffiuifficiuxigffiuddeipldffngfflmaqffl

124 1265 312 1339 argumenta
332 1266 365 1318 et
387 1254 531 1344 exempla
546 1255 581 1320 in
600 1256 778 1322 Homericis
794 1256 983 1324 carminibus
1004 1259 1099 1325 obvia
1142 1277 1177 1326 ο·

123 1351 203 1403 cent.
250 1340 409 1428 Majorem
433 1342 618 1423 formarum,
643 1342 677 1406 in
705 1367 784 1431 quas
810 1367 899 1409 voces
919 1343 1101 1426 flectuntur,
1124 1370 1176 1412 co-

124 1422 209 1512 piam
232 1440 264 1491 et
283 1425 464 1494 varietatem
486 1429 650 1496 notionum
671 1441 704 1494 et
726 1429 1106 1518 significemum'alterius
1134 1431 1176 1500 ab

95 1541 98 1547 ·
123 1511 223 1578 altero
240 1513 455 1580 deductorum
480 1517 667 1596 ubertatem,
694 1516 898 1606 inprimisque
986 1517 1074 1584 taxiu
1097 1519 1176 1586 mire

124 1599 277 1666 variatam
291 1615 324 1666 et
338 1601 559 1691 locupletatam
578 1617 651 1692 post
674 1606 852 1670 Homerum
868 1628 892 1693 p
951 1605 968 1617 '¹
1033 1606 1105 1693 quis
1118 1607 1176 1672 mia

123 1699 212 1752 retur
225 1692 236 1752 l
251 1711 325 1753 cum
336 1713 374 1753 eo
387 1689 542 1756 deducere
550 1689 702 1756 :debuerit
714 1713 842 1778 poeseos
852 1715 910 1782 per
923 1691 1050 1758 diversa
1059 1715 1176 1782 genem

124 1796 211 1854 usus,
228 1773 370 1863 inprimis
384 1775 554 1866 lyricomm
572 1789 745 1842 metrorum
759 1791 792 1843 et
805 1778 993 1845 dmmaticae
1007 1779 1101 1854 artis;
1125 1801 1175 1845 ac-

123 1861 253 1926 cedente
267 1885 343 1928 mox
357 1867 489 1930 numero
499 1864 647 1945 oratorio3
659 1888 725 1953 quo
732 1864 766 1929 in
779 1864 885 1931 locum
894 1865 1049 1932 vocalium
1060 1866 1175 1932 direm-

124 1960 241 2028 torum,
258 1950 341 2016 souis
361 1951 514 2017 distinctis
536 1973 628 2018 aines
651 1951 891 2040 impellentium,
911 1975 1083 2020 successere
1101 1975 1176 2020 con·

124 2035 293 2102 unctiones
306 2049 339 2101 et
352 2037 543 2188 diphthongi
558 2062 622 2104 uno
636 2062 712 2104 sono
726 2040 960 2127 pronuntiatam
977 2040 1175 2130 hauddubie

125 2122 207 2188 enim
229 2123 354 2190 suavior
392 2125 440 2190 uit
456 2124 499 2190 ad
521 2149 612 2190 aures
634 2127 744 2192 Ionica
763 2127 978 2215 pronuntiatio
994 2149 1038 2208 sa,
1061 2155 1099 2208 εε,
1123 2155 1174 2209 εεν,

125 2217 222 2296 quam
237 2209 349 2278 Attica
362 2225 521 2277 contracta
536 2239 570 2292 ει,
586 2237 631 2277 ειν.
647 2240 675 2292 η,
690 2240 714 2301 ῃ.
731 2214 789 2278 etsi
802 2213 896 2279 iidem
907 2214 1009 2280 Attici
1018 2215 1175 2282 retinuere

124 2297 288 2384 antiquam
308 2298 443 2363 formum
466 2299 607 2364 Ionicum
628 2298 661 2363 iu
683 2300 821 2364 secunda
839 2301 951 2381 futuri,
969 2302 1092 2390 Ιγνώσει,
1115 2321 1175 2390 pro

124 2385 231 2466 γνώσῃ·
250 2383 379 2472 vulgata
400 2408 450 2450 res
464 2400 537 2474 post
555 2398 603 2450 tot
625 2399 733 2460 notata
746 2386 885 2451 virorum
904 2387 1080 2468 doctorum,
1104 2411 1133 2452 v.
1146 2412 1173 2454 c.

126 2449 274 2536 Valclten.
301 2471 343 2536 ad
365 2473 484 2537 Phoen.
508 2471 582 2541 576.
607 2471 747 2538 Brunck.
778 2473 938 2538 Prometh.
965 2476 1038 2544 293.
1083 2475 1175 2540 Haec

124 2569 297 2623 memorata
311 2557 337 2622 si
350 2558 441 2624 facile
463 2559 669 2628 concesserint
689 2579 817 2635 omues;
841 2581 898 2624 cur
916 2582 981 2626 uon
999 2557 1065 2624 siue
1077 2561 1175 2626 offen·

72 2669 74 2676 ⁴
124 2643 210 2708 sicne
256 2645 437 2710 ronuutiare
457 2646 565 2712 liceat:
589 2645 689 2733 ipsam
711 2645 946 2733 grammaticum
969 2647 1103 2712 Homeri
1124 2669 1175 2712 ae·

91 2809 95 2816 .
124 2743 187 2795 tate
245 2731 308 2796 huc
322 2731 537 2820 imperfectam
550 2732 657 2812 fuisse,
673 2732 809 2797 necdum
823 2733 865 2798 ad
879 2733 1011 2821 logicam
1020 2729 1174 2798 'subtilita-

124 2817 248 2883 tem'ita
265 2817 477 2899 somniorum,
497 2818 575 2906 quin
594 2818 746 2884 nonnulla
763 2819 903 2899 haberet,
926 2820 967 2884 ab
985 2818 1129 2907 asmlogia
1141 2831 1175 2884 et

123 2905 163 2970 oh
177 2903 405 2993 intelligentiae
416 2905 485 2994 lege
504 2928 541 2971 ac
555 2927 675 2984 norma,
691 2906 788 2970 menti
802 2906 905 2984 insita,
921 2903 1106 2985 recedentia,
1121 2927 1174 2970 so-

123 3015 186 3080 que
200 2992 270 3092 ipso
283 3017 304 3056 a
316 2989 539 3080 perspicuitate
552 3015 589 3056 ac
602 2991 794 3080 proprietate
807 2989 1013 3066 declinantia3
1036 3013 1102 3056 esse
1116 2991 1174 3057 ita·

124 3101 267 3167 queeJus
281 3078 505 3144 observationis
518 3077 671 3142 rationem
690 3076 868 3143 habendam
881 3100 954 3142 cum
973 3077 1007 3142 in
1021 3077 1174 3166 interpre·
1216 3087 1218 3092 ’

124 3164 242 3230 tatione
262 3177 331 3230 tum
350 3164 384 3229 in
405 3163 530 3239 critica;
553 3185 658 3252 neque
677 3163 758 3230 hauc
778 3161 862 3230 intra'
881 3175 1015 3230 aetatem
1029 3163 1173 3231 Aristar·

124 3251 234 3318 cheam
256 3251 388 3339 ejusque
409 3263 575 3339 praecepta
686 3249 809 3329 matisc,
832 3250 934 3315 multo
958 3249 1063 3316 minus
1091 3249 1175 3318 intra

124 3339 246 3404 codices
258 3337 445 3404 recentiores
460 3336 583 3402 Saeculi
641 3337 679 3401 II
696 3350 728 3402 et
747 3339 845 3404 XIII
860 3359 927 3403 esse
941 3336 1173 3418 continendam,

124 3426 181 3490 sed
193 3425 371 3524 liberiorem
388 3425 416 3490 ei
438 3445 566 3490 cursum
578 3445 640 3512 per
653 3421 867 3512 antiquiorum
881 3435 1059 3514 temporum
1074 3424 1175 3514 spatis

124 3511 653 3686 esspgrpffiupppfflfflnque
667 3595 846 3694 opinionem
857 3595 1007 3694 sequaris,¹
1024 3595 1088 3662 sive
1103 3598 1175 3663 Ho-

126 3685 241 3750 merica
254 3684 393 3750 cannino
400 3685 469 3772 jam
482 3706 504 3747 a
516 3682 621 3772 priore
631 3695 762 3750 auctore
775 3681 886 3748 lutens
899 3703 966 3747 esse
979 3682 1172 3772 consignata,

124 3771 190 3836 sive
219 3794 285 3836 csse
312 3770 387 3836 sine.
407 3770 523 3862 scripto
550 3767 729 3835 memoriter
757 3767 941 3834 decantata:
964 3765 1043 3834 illud
1068 3783 1174 3836 tomen

124 3857 213 3926 nullo
237 3856 334 3958 modo
355 3855 494 3922 dubitari
516 3867 630 3954 potest,
654 3875 711 3942 per
734 3853 828 3942 plura
848 3855 1133 3956 saeculancarmine
1154 3877 1175 3921 a

124 3943 1074 4126 virsionensis*
1086 3957 1174 4107 ist

124 4117 366 4205 priscospoetns
385 4114 746 4194 uciceodourentetod
766 4137 931 4180 sonossus
951 4135 1089 4178 carmma
1108 4135 1174 4180 me·

125 4203 178 4268 tini
199 4201 370 4276 debuisse';
394 4201 533 4290 potuisse
553 4201 614 4266 hoc
633 4201 737 4292 ‘modo
758 4199 992 4269 multamolliri
1013 4199 1081 4299 ipss
1101 4223 1174 4288 prou

126 4289 334 4368 nuntiatione,
352 4311 434 4376 quae
449 4311 512 4377 ‚per
528 4310 566 4352 se
587 4288 669 4354 durs
689 4299 775 4367 sunt,
797 4287 867 4352 acui
894 4286 964 4365 alia,
989 4298 1022 4351 et
1045 4285 1173 4368 nuccii,

125 4400 206 4464 quae
221 4377 263 4443 ex
279 4374 435 4462 scriptura
447 4374 535 4442 houd
549 4397 649 4464 neque
662 4386 887 4463 agnoscuntur.
923 4375 975 4438 Eo
989 4372 1094 4440 refero
1103 4399 1133 4440 v.
1145 4397 1172 4440 c.
