2998 5052
460 349 529 430 sn
552 348 701 414 mmo.
724 353 762 414 υ.
777 351 829 416 οι
1101 353 1168 422 arr

164 518 196 584 ia
209 517 342 586 disertos
356 519 497 586 homines
516 521 612 588 rudes
625 521 736 588 reddat
748 548 758 598 ς
768 535 771 544 “
781 523 962 588 memorabo
976 535 1099 591 tantum
1113 549 1170 592 συ-

122 537 245 672 fficiam
259 607 292 670 in
306 605 498 694 reperiendis
512 608 611 696 tropis
629 631 666 674 ac
679 609 800 695 figuris,
816 625 982 698 syntaxeos
996 611 1170 679 mutatione

124 705 156 756 et
169 691 362 771 inversione‚·
369 693 580 781 rhythmicam
596 693 781 762 suavitatem
800 708 833 761 et
846 695 1027 762 varietatem
1041 699 1170 764 vocibus

124 802 253 867 quoque
267 779 310 844 ad
330 801 442 844 sonum
463 779 564 859 factis,
588 795 641 846 ut:
665 781 792 869 βέβρυχε
814 784 891 867 μέγα
913 790 992 864 ιιΐιμιι
1013 785 1075 848 ποτὶ
1096 785 1168 870 ῥόον,
1275 833 1278 839 -

124 867 195 948 ἀμφὶ
226 865 255 928 δέ
274 867 301 928 τ’
324 863 408 952 ἄκροι
430 866 511 944 ἠϊόνες
533 866 650 946 βοόωσιν
672 869 848 954 ἐρευγομένης
873 871 941 944 ἁλὸς
957 869 1015 948 ’ἔξω
1036 875 1066 934 Ρ.
1094 871 1168 938 264.

124 954 154 1022 5.
177 950 389 1016 licentiamin
482 952 570 1017 'culis
586 953 769 1040 jungendis,
787 954 820 1017 in
841 954 987 1042 epithetis
1004 955 1099 1021 modo
1117 982 1171 1022 va·

40 1049 43 1054 '
123 1037 253 1117 mandis,
268 1037 363 1102 modo
377 966 546 1104 adhhiam
560 1039 693 1104 somnam
707 1040 940 1128 componendis,
957 1042 1053 1139 (quae
1067 1067 1087 1106 a
1100 1045 1171 1108 Vir-

124 1123 202 1210 gilio
215 1147 343 1210 quoque
357 1137 388 1188 et
411 1124 452 1190 ab
466 1125 534 1190 aliis
548 1140 623 1190 sunt
640 1149 797 1213 expressa,
812 1126 888 1213 quia
902 1127 966 1190 vim
983 1151 1082 1194 messe
1102 1153 1172 1195 sen-

125 1223 250 1285 serant;
274 1211 314 1274 cf.
332 1211 475 1276 Macrob.
493 1214 556 1276 Sat.
574 1213 613 1291 V,
629 1214 687 1297 14)
703 1212 798 1276 modo
811 1213 972 1301 perpetuis
985 1238 1022 1278 ac
1035 1217 1171 1315 propriis

124 1296 286 1375 iterandis,
301 1309 339 1364 ut
353 1296 387 1360 in
399 1297 485 1372 πόδας
499 1299 570 1372 ὠκὺς
582 1299 751 1382 Ἀχιλλεὺς,
762 1298 796 1362 in
810 1300 1032 1387 componendis
1040 1304 1171 1369 vocibus

125 1382 221 1448 etiam
235 1383 362 1448 duriore
375 1382 480 1461 modo,
496 1383 552 1471 qui
567 1398 671 1448 tamen
685 1383 750 1448 vim
763 1385 911 1472 augebat,
927 1400 965 1450 ut
977 1385 1011 1450 in
1023 1390 1172 1472 χαλκοτό.

127 1493 193 1545 σους
215 1468 342 1544 ὠτειλάς.
364 1468 448 1558 οὖθαρ
469 1471 591 1556 ἀρούρης.
613 1470 723 1555 ἡνίοχος
748 1473 817 1550 νηὸς,
842 1483 874 1536 et
899 1470 969 1550 alia,
993 1472 1171 1560 dequibus

122 1555 192 1644 jam
222 1554 297 1620 olim
326 1555 436 1620 Wood
460 1555 591 1622 monuit.
645 1557 768 1644 Magna
794 1557 901 1644 itaque
929 1581 1002 1645 pars
1027 1559 1170 1640 laudum,

127 1665 211 1742 quae
226 1641 605 1707 Homericis‘carminibus
619 1643 811 1730 obtigemnt,
823 1644 956 1710 debetur
970 1645 1103 1710 sermoni
1116 1670 1172 1710 an·

127 1745 230 1817 uque,
245 1728 312 1815 qui,
328 1751 482 1793 unacum
495 1752 605 1794 versus
622 1729 738 1794 heroici
757 1729 904 1796 facilitate
925 1744 957 1795 et
975 1731 1125 1818 obsequio
1139 1733 1173 1798 in

128 1815 287 1880 variandis
305 1813 417 1895 modic,
432 1815 581 1903 numeris,
596 1814 797 1882 incisionibus
807 1817 960 1904 ,(διοιφὸροις
978 1823 1088 1900 τομαῖς,
1102 1825 1172 1886 ἀνοι-

127 1903 262 1980 ιιοιῦσεσι,
288 1902 405 1982 βάσεσι,
430 1902 585 1981 συνθήκαις,
605 1904 710 1990 ῥυθμοῖς
737 1918 769 1968 et
791 1904 937 1988 σχήμασι,
962 1927 1034 1970 nam
1057 1905 1174 1972 formas

127 1988 303 2054 hexametri
325 1989 440 2054 XXX
461 2001 627 2053 numerant
649 1989 859 2076 grammatici)
882 2012 939 2054 sua
962 1989 1060 2089 ipsius
1085 1993 1175 2080 copia

130 2099 167 2140 ac
186 2075 336 2140 varietate
354 2077 408 2160 (τῷ
426 2072 572 2161 ποικίλῳ),
586 2075 807 2163 perspicuitate
828 2088 859 2140 et
882 2076 1094 2165 simphcitate;
1119 2079 1175 2145 ubi

129 2176 236 2228 tamen
256 2185 338 2250 opus
359 2175 416 2240 est,
437 2159 602 2248 gravitate,
617 2162 857 2249 magnificentia,
874 2163 1036 2240 suavitate,
1052 2165 1174 2252 figuris,

130 2248 240 2336 tropis,
266 2263 298 2314 et
322 2246 535 2334 phantasmasi
556 2247 726 2312 reddendis
747 2262 822 2336 apta
846 2248 961 2329 indole,
985 2264 1050 2314 tam
1075 2251 1176 2318 multa

129 2337 252 2401 confert
266 2335 307 2400 ad
321 2338 369 2413 τὴν
384 2334 528 2418 ἐνάργειαν
542 2347 574 2398 et
592 2333 633 2397 ad
651 2335 819 2432 perfectam
839 2333 924 2400 illam
937 2334 1055 2419 μίμησιν
1069 2361 1175 2402 rerum

130 2435 339 2502 matarum,
354 2443 452 2508 quam
469 2443 525 2484 nos
547 2420 786 2486 redhibitionem
808 2434 840 2485 et
861 2423 1175 2572 repraesentationem

130 2510 271 2662 ipsarum
292 2530 408 2585 rerum,
428 2507 661 2605 (Darstelluag)
684 2507 889 2595 appellamus,
918 2531 1000 2606 onge
1020 2508 1177 2574 diversam

131 2619 151 2660 a
187 2594 369 2662 imitationis
384 2593 526 2659 notione:
550 2616 615 2680 qua
626 2617 660 2658 1n
674 2616 709 2658 re
724 2596 885 2659 Homerus
905 2606 1000 2658 etlam
1019 2595 1188 2688 perfectus!

131 2706 198 2752 esse
220 2695 325 2746 orator
346 2695 378 2745 et
398 2679 565 2744 historicus
581 2679 667 2744 visus
688 2694 736 2746 est
757 2679 952 2768 Hermogeni
969 2681 1079 2767 (quem
1096 2681 1178 2747 inter

132 2769 299 2866 scriptores
313 2767 415 2838 refero
429 2766 509 2832 male
530 2764 701 2852 neglectos)
717 2767 750 2832 in
760 2768 829 2866 loeo
843 2766 1002 2866 praeclaro
1016 2768 1056 2866 de
1070 2768 1179 2834 formis

133 2859 223 3030 ἓὸυρο).
242 2855 308 2940 (hb.
325 2855 364 2920 ΙΙ
379 2877 416 2996 p.⁸
425 2855 490 2922 487
505 2876 571 2940 sqq·
590 2851 654 2936 (ed.
670 2853 771 2939 1614)
786 2852 941 2918 videndus
960 2853 1012 2920 ille
1026 2853 1100 2918 inde
1113 2879 1133 2918 a
1145 2878 1177 2942 p

464 3051 771 3124 EXCURSUS·
796 3053 846 3124 II.

135 3177 190 3242 De
207 3177 273 3242 Usu
288 3174 557 3264 grammaticorum
572 3173 751 3274 vetetumtia
765 3173 1009 3256 interpretatione
1023 3173 1182 3240 Homerici

222 3341 226 3348 ¹
583 3280 736 3323 carminis.

181 3372 467 3439 Grammaticorum
481 3383 623 3435 veterum
645 3369 862 3435 auctoritatem
876 3382 909 3436 et
922 3369 1088 3436 utilitatem
1109 3395 1182 3440 cum

135 3461 189 3526 alii
203 3460 325 3524 elevent
339 3473 371 3523 et
385 3469 601 3546 aspernentur,
617 3455 670 3532 alii
684 3456 858 3522 doctrinam
871 3480 910 3522 ex
926 3480 1034 3552 comm
1051 3458 1183 3524 lectione

137 3560 280 3636 paratam
298 3569 357 3633 pro
376 3567 452 3610 vero
465 3559 497 3610 et
512 3543 604 3608 unico
619 3543 708 3630 signo
724 3556 862 3630 notaque
882 3543 1037 3630 genuinae
1058 3567 1183 3631 graeca-

137 3657 210 3698 rum
225 3633 399 3698 litterarum
414 3629 558 3696 scientiae
574 3629 759 3694 habuerint:
781 3628 907 3693 videtur
920 3652 941 3692 a
954 3651 1015 3707 me,
1073 3643 1102 3694 st
1116 3644 1185 3698 tan-

140 3737 209 3787 tum
225 3719 322 3785 studii
336 3731 368 3783 et
381 3718 437 3782 otii
451 3717 484 3781 in
498 3715 692 3781 excutiendis
705 3714 979 3802 grammaticorum
1050 3716 1184 3790 Iliadem

139 3804 368 3872 commentariis
431 3804 537 3882 situm,
559 3802 668 3890 paucis
689 3801 909 3888 exponendum
931 3825 1007 3882 esse,
1028 3827 1183 3890 quaenam

139 3893 194 3960 illa
206 3893 285 3973 sint,-
295 3893 329 3956 in
342 3827 459 3978 qmlrous
471 3913 543 3955 cum
557 3887 716 3954 alterutris
729 3887 806 3952 mihi
820 3887 991 3955 conveniat.
1022 3891 1069 3955 Et
1082 3890 1184 3978 primo

141 3979 281 4069 (pridem,
297 4001 360 4043 non
375 4000 440 4044 unc
454 3975 627 4062 eodemque
641 3975 716 4050 ¹loco
735 3974 954 4062 grammaticos
973 3990 1101 4042 cunctas
1119 4000 1185 4042 esse

140 4067 313 4146 habendos,
339 4063 544 4151 multiplicem
573 4085 667 4148 porro
695 4085 804 4126 eorum
829 4085 895 4126 esse
921 4084 1026 4140 usum,
1052 4083 1115 4126 non
1138 4062 1186 4126 ad

142 4177 243 4221 unum
263 4174 369 4218 rerum
390 4174 491 4251 geum
513 4162 637 4214 tantum
655 4148 865 4228 referendum,
880 4160 937 4212 aut
958 4170 998 4210 ex
1018 4147 1111 4211 unius
1129 4147 1186 4214 hc-

141 4240 234 4310 minis
255 4237 416 4306 desideriis
437 4251 469 4304 et
491 4237 600 4304 usibus
620 4233 900 4316 metiendum‚'uec
919 4232 961 4298 de
980 4231 1030 4310 his
1043 4232 1186 4302 universe
