3026 5056
527 381 597 444 ΑΙ)
620 378 770 445 ILIAD.
794 381 831 444 Α.
1184 387 1206 448 3
1234 399 1239 405 “

156 551 290 618 resena:
330 550 554 639 Antiquiorem
568 551 662 616 rebus
677 527 826 640 T'rojanis
837 553 988 620 narrandi
1001 559 1119 618 more'm
1134 580 1207 622 eum

155 639 262 718 fuisse,
278 652 317 704 ut
331 638 406 704 deos
419 638 681 726 rebusgerendis
697 662 769 705 vere
790 640 968 708 interfuisse
988 640 1138 722 dicerent,
1153 668 1208 732 ap-

155 740 246 878 ἓιῖῐεῑ
265 725 318 790 vel
339 725 373 790 in
393 725 570 791 narratione
592 726 632 791 de
652 726 768 814 insigni
789 727 931 794 Nestoris
951 727 1113 878 inpugna
1134 754 1207 794 cum

199 813 244 877 eir
257 811 387 890 virtute,
403 835 476 877 nam
498 828 530 878 et
550 812 595 878 ibi
617 813 765 880 Minerva
786 829 933 880 narratur
950 817 1001 902 Py
1014 815 1051 880 iis
1069 815 1208 888 hostiurn

155 899 330 964 adveutum
344 899 504 964 nuntiasse
520 901 559 965 Il.
575 905 611 965 Λ.
629 903 701 972 713.
717 902 756 966 cf.
774 904 848 968 Not.
864 902 906 968 ad
921 909 957 965 B.
974 901 1046 969 786.

200 985 398 1051 constitutas
420 1011 488 1052 esse
507 987 542 1051 in
562 989 623 1052 hoc
644 985 775 1052 deorum
797 988 968 1054 ministerio
994 989 1125 1076 singulis
1149 989 1209 1056 diis

156 1087 261 1161 partes
283 1097 367 1153 suas,
382 1088 414 1140 et
436 1073 565 1162 quidem
586 1099 606 1138 a
626 1073 756 1140 diversis
778 1075 905 1154 caussis,
920 1076 1048 1164 mythis,
1064 1076 1208 1156 consiliis,

156 1161 279 1239 ductas,
294 1172 434 1248 apparet.
481 1163 565 1226 Cum
589 1175 693 1246 tamen
709 1162 803 1226 semel
818 1186 874 1228 seu
888 1163 973 1228 fama
987 1163 1138 1228 traditum
1154 1187 1209 1228 seu

154 1270 348 1334 quocunque
370 1247 497 1312 tandem
519 1247 614 1312 modo
635 1248 799 1336 acceptum
821 1263 911 1326 esset,
931 1251 954 1312 J
957 1249 1070 1316 uuonis
1090 1263 1123 1316 et
1146 1251 1211 1315 Mi-

155 1357 271 1399 nervae
292 1347 398 1422 partes
417 1333 450 1398 in
464 1334 669 1414 Achivorum,
687 1335 816 1400 Veneris
829 1349 861 1401 et
877 1336 992 1402 Martis
1006 1336 1039 1400 in
1055 1337 1210 1424 Trojano-

155 1443 229 1486 rum
243 1444 355 1486 caussa
369 1421 487 1485 tuenda
501 1421 597 1487 fuisse
614 1421 813 1509 praecipuas:
837 1445 901 1487 non
916 1446 1031 1510 magna
1045 1425 1213 1510 sagacitate
1291 1479 1298 1498 ,

156 1529 238 1596 opus
251 1508 326 1586 fuit,
342 1522 380 1574 ut
395 1531 517 1572 summa
539 1523 683 1596 quaeque
698 1531 754 1594 per
767 1533 821 1573 eos
834 1508 1030 1596 expedienda
1046 1533 1112 1574 esse
1127 1511 1212 1575 vide-

156 1607 206 1660 ret
282 1605 323 1660 ta

199 1617 379 1747 Observare
393 1705 522 1768 quoque
536 1681 609 1746 licet
622 1682 699 1746 hoc:
716 1697 906 1770 perpetuum
920 1683 1006 1748 hunc
1021 1707 1086 1748 esse
1101 1696 1211 1771 poetae
1259 1749 1272 1768 0

154 1792 288 1848 morem,
308 1781 357 1846 ut,
375 1768 513 1832 inductis
532 1769 567 1831 in
588 1769 797 1834 narrationem
818 1769 888 1847 diis,
907 1793 941 1835 re
963 1770 1005 1834 ad
1025 1771 1121 1835 finem
1142 1793 1212 1858 per-

156 1856 265 1935 ducta,
282 1855 374 1941 cujus
395 1878 505 1919 caussa
525 1854 647 1919 inducti
668 1856 804 1935 fuerant,
821 1856 878 1921 etsi
892 1856 938 1919 illi
953 1857 1048 1920 rebus
1066 1857 1211 1944 gerendis

156 1965 215 2030 per
229 1965 323 2006 omne
338 1964 472 2028 sequens
486 1954 611 2030 tempus
623 1941 771 2008 interesse
781 1945 933 2041 pergant,
949 1966 1013 2008 non
1028 1958 1132 2008 tamen
1147 1967 1212 2009 am-

34 2088 37 2097 .
158 2029 243 2180 plius
269 2040 527 2094 memorarentur.
584 2030 755 2115 Neptunus
785 2052 819 2093 m
847 2053 988 2118 pugnam
1017 2053 1210 2118 progressus,

154 2153 161 2164 ·
179 2115 332 2180 domeneo
345 2116 540 2195 confirmato,
556 2114 610 2179 lib.
625 2120 664 2179 N.
681 2140 755 2182 mox
773 2130 898 2182 tantum
912 2140 975 2181 non
990 2141 1007 2182 e
1023 2117 1127 2181 medio
1141 2141 1211 2181 eva

155 2203 262 2268 nuisse
276 2201 419 2276 videtur,
444 2201 487 2266 sic
502 2201 621 2290 Apollo
634 2203 669 2266 in
679 2207 719 2266 Ο.
734 2216 767 2268 et
776 2203 810 2267 in
824 2203 878 2269 lib.
891 2211 928 2268 Δ.
944 2203 1083 2269 Pandari
1098 2202 1212 2291 sagitta

156 2289 269 2354 emissa
282 2288 372 2353 nulla
387 2288 552 2354 Minervae
567 2289 715 2377 posthaec
729 2314 825 2378 opera
835 2303 1037 2356 memoratur.
1061 2291 1119 2355 Ad
1130 2313 1212 2378 quae

152 2399 232 2442 sane
252 2375 322 2464 ipsa
342 2399 450 2442 rerum
464 2377 597 2442 varietas
618 2390 650 2441 et
673 2377 825 2442 'udicium
846 2391 967 2443 rectum
988 2377 1145 2442 adducere
1159 2376 1212 2441 de-

157 2463 229 2528 buit
245 2476 391 2552 poetam3
415 2485 489 2527 nam
510 2463 594 2527 idem
616 2463 649 2527 in
666 2401 820 2530 heroibus
841 2477 995 2551 sequutus
1008 2479 1066 2542 est,
1082 2477 1119 2529 ut
1134 2487 1212 2552 quo-

157 2574 221 2638 que
247 2565 428 2638 temporum
451 2563 610 2616 momento
630 2550 664 2615 in
685 2575 813 2638 quaque
834 2550 978 2616 carminis
998 2563 1089 2639 parte
1110 2573 1211 2616 unum

154 2637 296 2724 aliquem
310 2661 328 2702 e
342 2637 489 2724 pluribus
507 2637 624 2702 virtme
646 2653 678 2703 et
698 2638 788 2704 factis
806 2638 994 2703 eminentem
1012 2639 1210 2726 produceret,

157 2725 254 2790 modo
267 2723 468 2802 Diomedem,
480 2723 576 2788 modo
591 2725 809 2804 Idomeneum,
821 2725 917 2790 modo
926 2728 1210 2814 Agamemnonem,

157 2810 269 2876 ceteris
281 2823 339 2876 aut
353 2811 481 2876 omnino
494 2834 558 2875 non
572 2825 629 2876 aut
642 2835 706 2875 non
719 2812 779 2876 nisi
792 2811 894 2876 obiter
908 2812 1095 2878 memoratis.
1124 2810 1211 2877 Scili-

157 2911 206 2963 cet
221 2921 316 2962 sensu
330 2921 370 2962 an
381 2896 494 2985 judicii
510 2897 681 2963 subtilitate
696 2899 826 2963 edoctus
845 2911 1058 2984 perspexerat,
1073 2920 1138 2962 non
1151 2896 1210 2960 nisi

156 2984 332 3072 singulares
342 2985 345 2990 ’
354 2997 386 3048 et
406 2983 585 3070 individuas
604 3007 653 3048 res
675 2986 711 3048 ac
730 3007 877 3071 personas
892 2990 974 3048 recte
989 2999 1107 3051 etcum
1122 2983 1155 3047 vi
1169 2981 1212 3047 ad

153 3094 267 3136 sensus
280 3071 315 3135 in
329 3071 417 3171 poesi
430 3070 546 3159 exponi
560 3095 658 3158 posse.

204 3159 405 3258 Inhoc1pso
419 3172 524 3222 tamen
538 3171 585 3222 est
599 3157 720 3246 aliquid
738 3157 826 3244 quod
844 3156 1002 3246 judicium
1020 3174 1163 3222 nostrum
1176 3157 1210 3221 in

149 3245 267 3310 ‘multis
291 3245 371 3310 'facit
395 3245 599 3332 ambiguum:
630 3268 704 3309 nam
733 3269 774 3309 ex
803 3245 864 3310 hoc
893 3243 1041 3310 narrandi
1066 3267 1153 3308 more
1177 3243 1212 3307 in

157 3346 265 3421 partes
279 3331 449 3397 dissectum
463 3346 511 3398 est
524 3350 663 3406 oannem
679 3345 785 3419 partes
796 3344 901 3396 tamen
915 3331 1059 3396 carminis
1071 3329 1117 3396 ita
1130 3330 1213 3395 inter

91 3501 96 3506 Ι
157 3443 192 3486 se
215 3433 290 3485 sunt
311 3420 507 3507 conjunctae,
523 3431 561 3484 ut
581 3418 721 3506 disjungi
742 3418 813 3484 illae
834 3418 936 3498 facile,
952 3415 1120 3484 nonnullae
1134 3441 1213 3505 quo-

158 3529 223 3595 que
244 3527 305 3596 pro
326 3507 420 3571 meris
440 3507 586 3594 episodiis
607 3506 727 3594 possint
748 3505 868 3586 haberi,
883 3518 1034 3592 tanquam
1054 3504 1212 3584 membris,

154 3594 302 3659 articulis
323 3617 359 3659 ac
376 3594 537 3682 juncturis
551 3593 624 3659 satis
638 3592 718 3658 laxis
732 3594 815 3658 inter
829 3617 861 3658 se
875 3590 1123 3669 cohaerentibus,
1139 3591 1214 3656 levi-
1283 3610 1287 3629 ²

158 3703 224 3768 que
238 3701 336 3746 manu
351 3705 372 3747 a
384 3680 529 3746 carminis
551 3704 680 3769 corpore
702 3679 905 3753 divellendis;
929 3679 974 3743 ita
992 3679 1082 3746 facile
1095 3680 1130 3743 in
1143 3701 1214 3743 eam

157 3768 341 3855 opinionem
362 3768 519 3847 devenias,
535 3791 599 3833 non
619 3768 659 3833 ab
680 3767 770 3834 initio
791 3767 895 3833 statim
910 3778 1015 3854 partes
1029 3767 1086 3832 has
1099 3767 1134 3830 in
1148 3789 1215 3830 cor-

158 3855 246 3942 poris
271 3879 423 3944 compage
448 3855 544 3920 fuisse
569 3855 818 3942 comprehensas,
841 3854 896 3918 sed
922 3855 1019 3919 serius
1042 3877 1094 3918 eas
1115 3875 1214 3917 acces·

161 3943 254 4018 sisse;
279 3943 352 4010 licet
366 3956 472 4008 tamen
486 3965 544 4017 nec
557 3942 663 4007 minus
679 3941 813 4007 alterum
831 3940 991 4029 suspicari,
1006 3953 1111 4028 partes
1124 3939 1181 4003 has
1195 3961 1215 4000 a

163 4027 295 4094 diversis
316 4029 452 4118 ingeniis
471 4031 637 4118 separatim
657 4029 698 4095 ab
716 4029 807 4094 initio
829 4039 975 4095 tractatas
990 4028 1088 4093 serius
1100 4027 1134 4089 in
1149 4045 1214 4088 cor-

161 4137 225 4202 pus
238 4116 328 4203 quod
347 4140 433 4182 nunc
454 4117 618 4196 habemus,
633 4115 791 4182 coaluisse.
838 4117 956 4180 Verum
975 4138 1032 4180 nec
1051 4112 1134 4177 ultra
1149 4134 1215 4176 sus-

161 4201 312 4289 piciones,
329 4203 438 4269 saltem
459 4201 704 4290 probabilitates,
720 4216 758 4267 ut
772 4203 805 4266 in
844 4225 929 4289 ugna
949 4201 1092 4276 deorum,
1109 4197 1134 4262 si
1154 4197 1215 4262 alia

163 4289 281 4355 scilicet
295 4291 460 4369 accedunt,
476 4314 557 4378 quae
571 4289 782 4355 dubitationes
796 4227 872 4353 alias
888 4286 1018 4367 faciunt,
1034 4287 1067 4352 in
1081 4286 1133 4350 his'
1144 4309 1216 4374 pro-

165 4376 256 4460 gredi
269 4376 352 4458 licet,
368 4391 400 4442 et
415 4385 521 4442 actum
536 4391 582 4442 e'st
596 4378 654 4440 hac
669 4376 709 4441 de
724 4401 758 4440 re
772 4376 834 4440 alio
847 4375 922 4438 loco.

665 4485 683 4523 n
701 4466 721 4524 2
