2998 5052
519 351 587 418 AD
610 351 760 420 ILIAD.
782 357 819 420 P.
1129 359 1194 430 199

146 523 265 593 Priami
343 523 476 590 sectione
493 522 527 589 in
547 537 650 592 castra
670 539 901 604 memorantur3
924 529 1087 596 commode
1108 531 1191 596 enim

144 633 182 678 ea
204 611 250 677 ita
296 611 303 624 '
364 610 397 676 ni
418 623 533 700 potest,
557 625 596 678 ut
615 611 690 678 inde
710 637 732 678 a
753 615 854 704 Troja
875 614 1003 682 australi
1027 615 1097 706 ripa
1119 619 1194 684 Sca·

142 697 268 766 mandri
282 699 444 788 profectus
454 698 501 773 nd
520 698 625 766 locum
643 701 830 790 pervenerit,
846 725 911 792 quo
924 701 1025 770 amnis
1037 703 1192 794 trajicien„

143 785 207 852 dus
228 799 296 851 erat
312 791 353 850 Ω.
369 789 443 858 349.
459 787 533 854 850.
550 788 579 853 l.
602 799 634 853 et
655 787 770 854 iterum
791 788 825 854 in
846 789 950 856 reditu
965 813 1010 855 vs.
1026 788 1099 862 692.
1115 791 1189 864 693.

141 871 184 939 de
198 873 316 960 quibus
329 897 359 940 v.
375 872 416 938 ad
431 896 468 938 ea
481 872 557 940 loca
979 907 983 914 ·

188 961 284 1060 Fuga
296 959 393 1050 elapsi
409 960 542 1060 Trojani
555 959 597 1026 ad
611 984 718 1028 muros
733 962 852 1051 Trojae
870 985 944 1028 cum
965 964 1189 1050 pervenissent,

143 1047 265 1113 Priami
282 1043 376 1136 jussu
397 1061 497 1148 portrs
516 1049 633 1136 apertis
653 1050 715 1115 reci
738 1049 865 1116 iuntur:
892 1055 931 1114 Φ.
951 1048 1016 1116 526
1038 1073 1082 1140 sq.
1106 1051 1191 1118 solus

144 1137 268 1202 Hector
282 1135 423 1201 subsistit
436 1148 509 1200 aute
523 1135 645 1215 urbem,
657 1073 751 1202 nullis
765 1160 893 1202 snorum
907 1135 1054 1226 precibus
1067 1161 1191 1228 permo-

143 1234 207 1301 tus,
228 1234 266 1288 ut
284 1222 369 1288 intra
388 1221 500 1286 urbem
521 1237 666 1312 receptus
688 1223 780 1289 saluti
802 1247 877 1290 suae
890 1237 923 1289 et
936 1224 1024 1289 urbis
1037 1226 1189 1292 consulat.

142 1309 183 1374 11.
200 1315 240 1374 Χ.
256 1331 304 1396 pr.
320 1305 447 1374 Achille
466 1321 570 1374 tamen
591 1309 741 1375 adversus
762 1331 800 1376 se*
816 1309 964 1376 tendente
984 1313 1191 1380 conturbatus

140 1397 174 1461 in
196 1396 307 1484 fugam
330 1419 362 1462 se
383 1395 549 1477 convertit,
570 1410 776 1485 persequente
797 1419 870 1462 eum
891 1395 1018 1462 Achille
1043 1405 1101 1480 (vs.
1126 1402 1187 1466 131

141 1485 207 1573 sqs)
252 1485 338 1550 Cum
353 1485 475 1548 Hector
491 1483 588 1572 juxta
607 1507 736 1550 murum
757 1507 883 1550 cursum
901 1496 1032 1565 teneret,
1048 1485 1190 1552 Achilles

140 1593 216 1638 eum
230 1570 378 1636 interiore
391 1589 486 1636 cursu
505 1570 539 1636 in
555 1593 623 1636 cam
647 1594 702 1637 um
721 1584 862 1638 avertere
881 1571 1005 1647 studet;
1030 1571 1075 1638 ite
1091 1591 1190 1639 certa-

140 1658 226 1724 mine
245 1679 357 1724 cursus
373 1657 457 1724 facto
478 1655 604 1724 tandem
661 1671 756 1736 ector,
779 1657 945 1723 subsistere
964 1669 1100 1738 coactus,
1115 1683 1189 1726 cum

140 1744 270 1812 Achille
293 1767 440 1834 pugnans
463 1745 622 1812 occumbit
645 1743 792 1896 (4693.
838 1745 934 1825 Quod
958 1745 1188 1834 expectandum

141 1845 221 1912 eat,
237 1843 274 1896 ut
287 1831 388 1896 victor
401 1832 567 1914 exercitus,
582 1831 706 1898 sublato
724 1855 764 1896 ur
785 1832 812 1896 is
827 1845 1074 1922 propugnatore,
1087 1833 1189 1922 ipsam

141 1921 255 1986 urbem
276 1919 514 2008 aggrederetur,
537 1941 578 1984 an
599 1918 775 2008 expugnari
795 1917 850 1984 illa
869 1932 985 2008 posset,
1005 1920 1046 1984 ab
1063 1919 1190 1987 Achille

200 2005 369 2082 thahetur;
388 2006 450 2090 (vs.
466 2005 654 2094 376-384)
670 2019 780 2072 oontm
796 2005 848 2072 ille
862 2006 966 2096 copias
979 2005 1012 2069 in
1027 2020 1129 2072 castra
1141 2031 1192 2074 re-

141 2031 241 2173 licit,
256 2106 403 2160 canentes
418 2095 585 2173 Paeanem,
601 2105 633 2158 et
648 2092 797 2159 Hectoris
810 2117 925 2183 corpus
938 2106 1116 2174 cruentum,
1131 2094 1191 2159 illi.

141 2180 222 2270 gatis
237 2205 255 2246 e
269 2203 367 2246 curru
380 2179 526 2270 pedibus,
541 2179 643 2269 capite
660 2204 719 2269 per
736 2180 837 2246 solum
853 2195 964 2260 tracto,
979 2193 1102 2269 raptat3
1127 2182 1188 2266 (vs.

141 2271 331 2355 ast-404)
347 2290 483 2355 cumque
496 2267 529 2332 in
543 2281 645 2332 castra
657 2267 803 2350 venisset,
816 2268 898 2334 cirea
917 2268 1054 2334 Patrocli
1074 2287 1191 2357 corpus

140 2356 277 2422 decursu
291 2377 444 2420 curruum
459 2368 507 2420 ter
525 2355 610 2420 facto
625 2355 774 2420 Hectoris
791 2355 924 2422 cadaver
941 2357 1036 2444 juxta
1051 2354 1188 2420 Patrocli

139 2443 293 2510 feretrum
306 2442 397 2508 humi
410 2452 573 2508 extentum
588 2440 721 2530 projicit.
740 2441 791 2524 (Ψ.
806 2446 872 2530 pr.)

298 2808 619 2896 EXCURSUS
650 2812 738 2894 AD
768 2811 958 2898 ILIAD.
989 2831 1027 2895 Φ.

428 3010 482 3076 De
496 3010 627 3076 dialecto
641 3009 770 3074 Homeri
783 3009 897 3074 Ionica

183 3121 308 3190 Passim
323 3119 357 3185 in
371 3120 540 3190 verborum
557 3116 735 3208 augmentis
756 3115 902 3183 tollendis
921 3116 1029 3206 paullo
1046 3116 1190 3186 licentius

144 3221 288 3278 versatus
308 3231 375 3272 esse
388 3205 529 3287 videbor,
545 3220 583 3272 ut
597 3230 626 3270 v.
642 3230 669 3272 c.
685 3204 810 3272 ederem
829 3203 855 3280 ὅς
876 3231 912 3288 με
932 3205 1026 3270 κέλευε
1042 3227 1102 3294 pro
1117 3205 1143 3282 ὅς
1157 3209 1188 3291 μ’

142 3297 261 3366 ἐκέλευε.
285 3295 346 3360 hoc
367 3292 450 3359 enim
471 3291 631 3381 postulare
651 3292 718 3358 dixi
740 3291 881 3358 Ionicam
901 3293 1046 3372 formam,
1068 3292 1109 3358 de
1126 3317 1191 3381 qua

143 3407 236 3483 saepe
249 3394 380 3448 monent
394 3395 514 3446 veteres
527 3379 732 3468 grammatici,
748 3402 806 3445 nec
820 3391 925 3444 tamen
941 3378 973 3442 in
987 3379 1057 3468 peri
1070 3380 1190 3448 ratione

212 3483 260 3538 ter
283 3468 419 3556 ubique:
443 3469 587 3534 firmatur
610 3480 715 3532 tamen
735 3465 890 3532 monitum
912 3490 973 3532 usu
996 3468 1189 3534 Herodoteo.

180 3570 311 3626 actenus
325 3568 409 3622 recte
422 3578 473 3620 me
489 3554 591 3620 facere
612 3553 782 3620 arbitratus
804 3575 885 3631 sum,
900 3553 937 3634 si,
975 3554 1076 3620 uoties
1088 3555 1191 3622 boum

142 3645 244 3714 codex
267 3643 411 3710 Ionicum
435 3641 609 3730 praeberet,
626 3639 706 3706 illud
727 3663 918 3739 reponerem.
988 3664 1065 3730 aepe
1086 3655 1191 3708 umen

144 3756 195 3798 me
215 3731 284 3820 ipse
306 3729 399 3796 tacite
419 3728 560 3794 incusavi
582 3728 815 3812 inconstenuae,
838 3728 926 3814 quod
950 3749 1014 3793 non
1036 3728 1119 3794 idem
1141 3729 1191 3796 vel

144 3819 210 3890 sine
224 3817 331 3884 codice
344 3817 479 3883 feceram
492 3815 622 3903 ubique,
633 3828 671 3880 ut
684 3837 741 3914 per
756 3826 859 3880 totum
868 3837 994 3884 carmen
1007 3814 1091 3882 idem
1102 3830 1192 3882 tenor

142 3919 175 3978 et
200 3904 398 3994 propositum
423 3915 571 3969 servetur.
618 3901 771 3968 Codrcum
799 3900 912 3990 utique
935 3919 992 3968 aut
1020 3901 1109 3968 nulla
1135 3914 1191 3968 aut

143 3991 307 4093 exigusin
321 3990 371 4056 his
385 4003 432 4057 est
446 3988 633 4063 auctoritem
657 3989 779 4054 variant
799 3988 882 4054 enim
899 3995 1025 4069 temere,
1040 4001 1073 4054 et
1085 4011 1192 4055 recens

144 4079 253 4148 tissrmi
269 4102 372 4166 saepe,
388 4100 494 4144 veram
507 4075 660 4142 rationem
675 4087 825 4156 tenentes,
840 4075 937 4146 verba
954 4089 1124 4164 augmento
1138 4099 1192 4142 ex·

144 4179 266 4267 puncto
287 4177 464 4254 apponunt,
486 4173 596 4228 contra
615 4163 811 4243 vetustiores,
833 4162 1012 4262 importune
1034 4185 1141 4329 saepe,
1159 4174 1192 4230 et

146 4254 307 4324 interdum
321 4251 505 4320 adversante
519 4261 630 4329 metro,
645 4261 850 4348 augmentum
865 4249 1041 4315 rnl'ercrunt.
1111 4249 1190 4317 urd?

145 4342 234 4430 quod
247 4339 308 4429 ipsi
323 4337 514 4426 antiquiores
535 4336 728 4487 grammapci
750 4359 867 4402 morem
883 4359 987 4416 suum,
1004 4337 1054 4404 cui
1068 4337 1191 4404 adsueti

638 4447 657 4488 o
