2998 5052
491 381 559 446 AD
583 381 731 448 ILIAD.
754 379 793 447 o‘.
1106 385 1172 454 201'

126 549 276 651 essenii
293 550 400 653 metro
413 549 474 619 'seu
488 551 627 654 ‘cogente'
640 577 696 622 seu
716 551 974 656 suadentejtiorte
992 559 1076 658 auria
1095 585 1174 659 quo-

128 658 191 724 que
201 637 343 725 Judroo;
366 663 399 704 m
413 638 558 729 plunmta'
571 657 677 708 autem
696 643 771 708 loos
784 641 891 744 doben
904 642 984 709 rllud
997 644 1130 732 hbrarirs
1143 662 1176 714 et

126 725 358 810 grammaticis3
381 727 464 792 forte
475 751 603 828 quoque
616 729 654 794 iis
667 728 753 818 ipsis,
757 753 821 882 ¹{pu
834 729 927 830 primi
938 730 1055 820 scripto
1068 755 1176 822 enare„

124 823 200 875 runt
215 813 355 904 earmina
369 815 561 891 Homenoa;
585 839 657 882 nam
672 815 705 881 in
724 839 756 882 m
792 816 832 881 tis
845 831 1030 906 ignorarunt
1046 819 1116 907 jam
1129 819 1175 886 illi

123 895 258 983 priscam
273 901 477 966 Homericam
491 901 651 968 rationem.
1145 935 1150 942 ·

166 983 225 1048 Ad
240 985 325 1051 huno
339 987 482 1068 modum,
493 987 583 1076 puto,
594 989 738 1078 judicare
752 989 825 1055 lieet
838 990 879 1056 de
892 989 1064 1056 innumeris
1077 992 1176 1058 varie-

125 1069 244 1136 tatibus
272 1073 306 1138 in
331 1086 398 1139 toto
419 1075 480 1141 hoo
500 1097 633 1163 genere:
657 1099 737 1164 quas
765 1099 924 1144 recensere
945 1077 1023 1142 nihil
1052 1079 1173 1146 attinet.

127 1157 179 1221 Ita
192 1159 326 1227 miratus
343 1183 414 1226 sum
433 1161 466 1225 in
486 1163 663 1250 oompositis
680 1159 754 1228 oum
799 1163 1005 1252 raapositione
1025 1188 1177 1254 augmen-

126 1256 194 1310 tum
220 1268 286 1311 non
306 1247 402 1313 modo
423 1247 554 1327 variare,
576 1264 677 1315 metro
696 1186 800 1314 seui)
954 1247 957 1254 ’
1049 1251 1056 1265 ’

127 1331 230 1419 ἔνθορε,
246 1333 357 1420 ἐξέθορε.
382 1334 652 1424 {apponeremus
675 1333 804 1426 ἶαφογεν,
827 1335 965 1421 ἐξάφυγον.
990 1337 1099 1424 ἔκχεον,
1117 1343 1177 1418 *ifr-

124 1415 236 1502 χάοντο.
258 1420 484 1508 παραδραμέτην,
506 1424 689 1511 παρέδραμον.
722 1424 884 1506 ἐπάλμενος,
909 1419 1082 1505 ἀτνάλμτνος.
1109 1429 1174 1490 ἀπο-

127 1504 242 1584 βάοττο,
267 1508 413 1588 ἐπεβήσατο
436 1521 468 1573 et
488 1507 559 1586 alia,
583 1531 693 1574 verum
715 1531 781 1574 esse
802 1531 930 1596 quoque
955 1510 1064 1589 rerba,
1094 1535 1177 1599 quae

127 1606 334 1679 augmentum
353 1593 474 1681 ubique
497 1594 615 1660 habent
636 1595 670 1660 in
691 1594 800 1660 libris.¹
833 1594 885 1660 Sic
906 1594 1078 1684 composita
1101 1594 1175 1664 eum

127 1681 210 1762 ἀμφὶ,
235 1703 308 1745 cum
331 1694 475 1833 expectes
497 1681 648 1770 seriptum
670 1705 736 1748 esse
757 1681 956 1766 ἀμφεκάλυψε,
979 1683 1175 1766 ἀμφενέμοντο,

127 1765 322 1849 ἀμφιπένοντο,
346 1791 368 1832 u
391 1767 465 1856 ique
489 1768 581 1835 scribi
599 1768 724 1835 videas:
749 1769 961 1852 ἀμφεκάλυψε,
977 1770 1175 1853 ἀμφενέμοντο,

128 1853 336 1936 appulsum
361 1853 466 1943 sicque
488 1855 559 1934 alia,
577 1855 792 1941 ἀμφεμάχοντο,
806 1854 969 1941 ἀμφίχυτο,
990 1869 1023 1920 et
1038 1855 1082 1920 ul.
1126 1859 1176 1922 At

127 1935 160 2002 in
182 1941 242 2028 τὲφὶ
264 1939 432 2030 diligenter
457 1941 648 2008 eontrarium
675 1955 826 2021 servatur,
850 1953 887 2004 ut
910 1941 1072 2029 περίβησαν,
1097 1941 1178 2031 τοφῖέ

127 2029 234 2105 dante.
264 2027 297 2092 in
318 2030 435 2116 quibus
455 2029 524 2119 ipsa
552 2051 601 2094 res
629 2026 841 2108 dissuadebat,
863 2040 964 2092 metro
992 2028 1177 2096 adversante

126 2115 507 2202 augmentuminouloare.

171 2202 355 2268 Secundum
373 2203 451 2268 haec
467 2203 631 2272 fatendum
652 2219 710 2285 est,
728 2205 762 2272 in
785 2203 918 2270 dialecto
938 2205 1110 2272 Homerica
1128 2229 1178 2271 re-

129 2285 290 2354 stituenda
303 2290 444 2356 nondum
459 2315 567 2357 omnes
587 2315 734 2358 numeros
752 2308 811 2356 nos
829 2291 897 2356 'esse
916 2305 1121 2379 assequutos3
1146 2306 1178 2357 et

129 2380 291 2463 superesse
310 2376 416 2443 adhue
430 2376 498 2442 viro
517 2379 621 2458 docto,
639 2378 691 2444 eui
712 2378 768 2444 otii
789 2377 863 2442 satis
884 2401 905 2441 o
940 2376 948 2390 ‘
990 2379 1042 2458 rit,
1057 2379 1177 2466 largam

128 2475 265 2550 segetem
280 2465 313 2528 et
331 2465 463 2530 messem
478 2489 517 2530 ex
536 2464 635 2554 ¹opera
648 2489 685 2530 ea
707 2465 741 2530 in
762 2488 796 2530 re
815 2462 874 2529 ooll
1010 2477 1176 2552 expectan-

129 2547 225 2625 dam;
248 2550 418 2640 legendum
433 2564 481 2617 est
502 2565 604 2619 totum
618 2575 743 2617 carmen
761 2551 866 2616 animo
882 2551 924 2618 ab
947 2551 1093 2617 omnibus
1109 2548 1179 2616 aliis

127 2649 259 2703 avooato
273 2651 305 2703 et
327 2637 360 2703 in
382 2661 478 2704 unam
491 2639 573 2706 hano
591 2663 658 2704 rem
677 2637 809 2718 intento,
824 2651 862 2703 ut
877 2636 1043 2725 intelligat,
1060 2661 1111 2718 an,
1127 2637 1179 2702 vel

128 2721 236 2788 invitis
249 2725 470 2812 grammaticis,
485 2740 571 2791 oerta
583 2725 625 2791 ali
647 2750 690 2791 ua
703 2748 739 2791 ae
753 2738 907 2814 perpetua
923 2747 982 2818 per
995 2739 1097 2790 totum
1112 2747 1179 2816 eur-

128 2833 200 2875 men
214 2811 296 2877 ratio
309 2811 418 2877 inferri
431 2812 547 2912 possit;
572 2751 734 2901 explorata
748 2825 823 2877 sunt
836 2835 884 2890 ea,
899 2833 982 2898 quae
995 2811 1100 2900 ipsum
1113 2825 1180 2876 me-

129 2907 216 2962 trum
230 2913 263 2965 et
276 2921 354 2964 usus
367 2903 508 2988 poeticus
532 2899 657 2974 suadet;
682 2913 716 2964 at
730 2912 804 2963 sunt
817 2897 878 2962 elia
899 2897 1038 2962 locorum
1053 2919 1122 2962 com

129 2985 250 3052 ratione
273 2986 476 3076 exploranda,
491 2987 533 3052 ad
552 2985 727 3075 analogiam
743 2983 934 3072 refingenda
950 3007 992 3049 au
1013 3009 1043 3049 v.
1059 3007 1085 3048 o.
1108 2920 1178 3050 ulti:

130 3095 194 3160 que
218 3073 258 3138 sit
279 3073 508 3140 restituendum
530 3078 569 3138 τοὶ
589 3097 659 3162 pro,
682 3071 824 3151 dedam,
847 3069 903 3135 ubi
947 3070 1071 3136 rosodia
1089 3070 1176 3136 haud

131 3158 241 3248 exigit,
257 3173 295 3225 ut
308 3163 345 3224 A'.
362 3163 427 3226 800
441 3169 495 3226 τῶν
510 3162 536 3224 δ’
551 3159 659 3240 ἀλλων,
675 3157 756 3242 ἀμον
771 3159 843 3236 iuri,
853 3155 910 3246 qui
946 3157 980 3222 ni
993 3162 1043 3238 rol,
1055 3171 1093 3224 ut
1107 3181 1179 3246 per-

131 3259 230 3334 petuo
243 3271 263 3312 a
285 3247 332 3313 ud
347 3247 560 3340 Herodotum,
571 3260 626 3312 ut:
642 3251 680 3311 τοὶ
692 3246 719 3310 δέ
734 3252 757 3311 οἱ
767 3243 1054 3332 ταφέοχε,--τοάτοον
1070 3245 1180 3328 irnperi-

132 3359 218 3417 τομαο
262 3271 317 3400 ἓν
331 3334 391 3400 hoc
445 3357 519 3399 nere
533 3348 590 3414 est,
606 3339 645 3397 Φ.
661 3357 706 3398 vs.
723 3335 753 3398 8.
771 3334 827 3395 οὐδ’
843 3331 899 3414 ἀρα
913 3332 1074 3414 Νυμφάαν,
1089 3332 1139 3397 ταί
1151 3335 1179 3396 τ’

132 3425 159 3485 ἀ.
175 3435 342 3505 mutarunt
355 3358 498 3488 uredines
511 3418 602 3487 oodd.
617 3420 651 3484 in
668 3421 703 3485 a?
712 3421 747 3484 τ’.
766 3441 931 3508 perperam
948 3416 1080 3504 utique3
1104 3440 1193 3484 nam*

132 3508 181 3573 τοτ’
195 3535 226 3574 τε
251 3508 396 3574 Ionicum
411 3522 458 3574 est
476 3521 508 3574 et
530 3507 699 3595 antiquius.
722 3505 771 3570 ἀάν
792 3529 850 3593 pro
873 3504 909 3569 ds
923 3518 970 3569 est
987 3527 1051 3568 non
1075 3505 1182 3570 min'us

133 3594 351 3675 Homericum,
367 3619 464 3683 quam
484 3593 723 3668 Herodoteum;
747 3591 790 3658 sic
827 3594 931 3680 noque
946 3591 1019 3655 ἔωτο
1036 3590 1103 3678 ipos.
1120 3592 1180 3658 erit

789 1263 895 1316 erente
924 1273 978 1315 seu
1008 1266 1172 1340 exrgente:

134 3683 209 3781 ergo
222 3681 290 3748 .0d.
310 3688 345 3746 T.
363 3685 427 3750 230
442 3681 640 3747 scribendum
661 3679 778 3766 χρύσεοι
795 3682 891 3758 iones,
907 3690 945 3742 ut
962 3677 1049 3764 prior
1062 3702 1124 3744 vox
1140 3679 1180 3748 sit
1299 3744 1304 3752 ,

133 3769 303 3856 drssyllaba
317 3782 354 3834 ut
372 3768 467 3844 alibi;
486 3773 599 3832 ‘ve'rsus
619 3779 726 3831 autem
747 3767 791 3836 94
811 3764 865 3830 0d
884 3770 916 3829 H
930 3763 1078 3841 ἀθανάτας
1100 3763 1181 3840 derasi

134 3855 256 3920 serioris
269 3879 383 3920 manus
396 3879 461 3920 esse
475 3853 648 3920 censendus
662 3865 718 3916 est

177 3944 269 4008 Haec
292 3956 398 4007 tamen
419 3949 451 4006 et
473 3940 584 4006 similia
603 3963 643 4005 ex
665 3937 775 4003 Ionica
793 3937 897 4002 forma
923 3937 957 4002 in
979 3938 1121 4002 Atticam
1136 3949 1180 4009 ,et

134 4029 296 4117 vulgarem
317 4041 440 4094 mutata
459 4027 564 4110 minus
584 4049 677 4114 aegre
698 4037 773 4090 sunt
792 4023 931 4104 ferenda,
955 4045 1051 4112 quam
1072 4024 1140 4090 loca
1159 4048 1180 4088 a

136 4116 302 4183 acrioribus
316 4137 373 4204 per
390 4113 660 4202 interpolationem
681 4113 816 4176 inserta
827 4111 904 4176 haee
921 4109 1066 4199 graviora
1083 4113 1176 4184 sunt3

136 4202 190 4269 illa
209 4202 334 4268 leviora.
375 4203 605 4280 Nemeorum,
631 4197 687 4288 qui
708 4197 801 4286 primi
822 4196 944 4262 litteris·
956 4195 1180 4284 consignarunt

140 4289 279 4356 auditae
294 4289 467 4380 rhapsodis,
482 4287 608 4377 ingenia
621 4287 688 4380 ipsa
702 4297 782 4350 raet
804 4297 917 4358 natura
931 4295 963 4348 et
982 4289 1042 4348 irs'u
1061 4283 1181 4350 ferente
