2998 5052
307 339 372 410 216
676 340 928 406 EXCURSUS
952 339 980 404 1.

308 535 330 578 a
352 509 495 578 Bentleio
514 509 669 576 vidimus:
693 511 841 592 ut'laloo,
866 511 954 598 quod
975 509 1056 576 vidit
1078 509 1175 597 fuisse
1188 507 1362 592 ’Ἰλιόφι-νεὶ

307 597 411 676 Ἰλιόθι.
434 621 466 662 V.
481 598 523 662 ad
537 602 575 662 O.
600 597 652 664 66.
674 597 786 685 ἂγριόφι
808 603 846 662 Φ.
868 600 942 664 213.
966 596 1082 682 &posttea
1110 603 1135 660 l.
1157 600 1231 662 440.
1246 595 1361 664 inhoc

310 697 469 773 postremo
483 683 593 748 saltem
606 683 726 772 syllaba
762 685 894 751 roducta
908 685 962 749 vix
980 683 1105 749 admitti
1118 707 1209 772 posse
1223 681 1360 746 videtur.

311 770 460 858 quoniam
486 770 554 835 voci
583 775 671 852 ὁμοῖος
695 708 815 860 syllaba
841 771 945 852 brettis
966 770 1150 858 interposita
1172 782 1230 849 est,
1257 781 1296 833 ut
1321 767 1361 835 sit

311 857 422 940 ὀμοΐίος.
458 855 552 922 Aliae
576 855 712 943 syllabae
733 857 844 923 breves
865 858 1085 944 producuntur
1146 857 1265 922 minata
1287 878 1361 942 pro-

310 942 487 1008 nuntiando
501 964 646 1022 consona,
661 943 738 1008 aliae
757 957 906 1032 aequente
924 943 1093 1030 digamma,
1106 881 1147 1008 di
1161 943 1280 1030 quibus
1294 941 1362 1018 aliis

311 1028 387 1095 locis
406 1041 453 1094 est
474 1029 522 1092 dis
546 1041 691 1104 utatum3
723 1041 757 1094 at
771 1044 845 1095 sunt
868 1029 929 1094 alia
947 1030 980 1093 in
994 1029 1085 1109 thesi,
1108 1052 1245 1116 quorum
1267 1026 1361 1096 ratiu-

312 1137 385 1180 nem
398 1053 592 1226 probabdem
607 1129 759 1203 exputare
773 1115 897 1181 difficile
911 1129 975 1180 est:
997 1115 1043 1180 ita
1056 1120 1093 1180 A.
1109 1115 1199 1202 3615
1214 1117 1235 1178 δ’
1252 1113 1295 1177 ἔπι
1309 1115 1361 1196 μὲν

191 1217 193 1221 ’
311 1207 412 1288 Pappa
431 1205 608 1286 βλοσυρῶπις
629 1203 812 1287 ἐστεφάνωτο.
833 1203 946 1267 ultima
963 1201 997 1266 iu
1015 1205 1190 1290 βλοσυρῶπις
1208 1200 1288 1264 nihil
1306 1200 1363 1265 ha·
1430 1231 1434 1238 ·

312 1287 367 1352 bet
381 1311 446 1374 quo
460 1299 600 1352 excuses.
646 1288 680 1352 Si
695 1301 799 1352 tamen
814 1287 896 1354 forte
907 1287 1123 1352 emendatione
1137 1286 1278 1352 succurri
1291 1301 1364 1374 pot·

313 1385 361 1438 est
374 1373 461 1448 haud
477 1397 541 1438 uno
554 1374 649 1439 modo
663 1397 694 1438 v.
710 1375 801 1440 Obss.
840 1377 890 1440 At
910 1373 990 1473 quid
1004 1373 1099 1439 facias
1116 1379 1154 1440 Λ.
1170 1376 1234 1438 305
1247 1373 1362 1451 πληθύν.

312 1463 349 1534 ὥς
364 1460 529 1538 lro're-fln
543 1459 610 1526 aliis
625 1459 731 1524 malim
745 1460 848 1527 dicere
864 1460 1014 1526 exordisse
1027 1461 1052 1525 τ’
1068 1460 1117 1524 vel
1133 1463 1174 1546 γ’,
1188 1473 1227 1524 ut
1240 1458 1363 1610 aliquo-

313 1546 371 1617 ties
385 1548 560 1636 salutatam
581 1546 638 1611 ubi
657 1546 761 1634 potuit
781 1571 846 1612 esse
864 1547 925 1632 πρίν
943 1549 973 1632 γ’
988 1546 1077 1634 quod
1095 1559 1127 1612 et
1149 1545 1216 1610 aliis
1234 1546 1268 1609 in
1298 1546 1363 1612 oc'is

312 1633 439 1722 legitur.
485 1634 526 1697 In
540 1631 607 1696 aliis
621 1633 773 1698 succurrit
780 1634 959 1722 appositum
974 1633 1006 1698 in
1020 1635 1083 1698 fine
1096 1638 1151 1698 Νὔ.
1167 1633 1225 1697 etsi
1235 1633 1296 1698 hoc
1316 1633 1364 1720 ip-

313 1743 349 1784 so
362 1720 485 1808 adjecto
499 1742 608 1783 versus
621 1719 672 1784 lan
719 1743 773 1784 ore
784 1719 841 1784 suo
851 1720 938 1785 haud
951 1719 1093 1785 levatur:
1117 1719 1158 1786 de
1190 1743 1234 1784 uo
1247 1743 1278 1784 v.
1294 1721 1364 1784 Ex·

313 1829 395 1870 curs.
412 1807 460 1870 II.
477 1805 519 1869 ad
538 1811 573 1869 B.
589 1809 654 1893 pal
699 1855 705 1868 .
723 1808 752 1875 7.
787 1806 882 1871 Vides
895 1806 929 1870 in
946 1807 995 1870 his
1012 1829 1140 1894 quoque
1209 1805 1303 1872 ilnos
1319 1819 1365 1872 te-

314 1913 399 1971 nere,
414 1890 503 1978 quod
516 1915 556 1955 ex
570 1891 655 1956 omni
669 1905 759 1980 parte
772 1889 935 1958 certumst
949 1892 1146 1993 exploratum
1156 1892 1363 1980 pronuntiare

313 1976 423 2052 liceat;
448 1976 575 2041 omnino
590 1989 694 2042 tamen
715 1979 909 2066 probabilem
931 1990 963 2044 et
983 1989 1104 2068 justam
1122 1978 1275 2043 rationem
1289 1979 1364 2044 aub-

315 2087 380 2128 esse
398 2063 520 2151 judicio
533 2077 652 2144 nostro,
668 2063 694 2130 si
707 2065 750 2129 ad
768 2065 945 2152 prosodiam
964 2063 1106 2136 nondum
1130 2065 1172 2129 ad
1189 2065 1363 2152 perfectam

314 2172 456 2216 normam
470 2149 659 2216 elaboratam
681 2175 908 2240 provocamus3
932 2152 1024 2240 cujus
1042 2151 1087 2216 rei
1110 2150 1255 2239 exempla
1267 2151 1363 2250 plura

313 2235 347 2304 in
363 2236 523 2302 Hesiodeo
543 2237 690 2316 carmine,
705 2238 809 2304 urinas
827 2239 922 2304 etiam
941 2238 1090 2326 expolito,
1104 2238 1243 2303 curatius
1266 2239 1363 2328 mapi-

312 2321 408 2388 cienti
422 2336 594 2388 occurrent.
640 2324 749 2389 Multo
762 2325 866 2391 minua
881 2325 989 2414 itaque
999 2325 1205 2390 laborandum
1220 2349 1289 2390 esse
1301 2348 1363 2413 pu·

315 2422 349 2474 to
362 2409 395 2476 in
409 2409 447 2475 iis
460 2410 613 2491 versibus,
627 2411 662 2476 in
676 2411 792 2511 quibus
806 2411 1022 2500 diphthongus
1044 2411 1148 2476 brevis
1165 2423 1212 2476 est
1234 2411 1268 2476 in
1282 2412 1362 2478 thesi

314 2508 387 2562 aute
401 2497 540 2562 vocalem
555 2512 712 2596 sequentis
726 2521 829 2563 vocas:
853 2499 974 2564 namin
988 2498 1037 2562 his
1051 2498 1267 2586 diphthongus
1282 2500 1362 2565 duas

315 2605 418 2648 moras
430 2583 537 2664 habet,
553 2607 628 2671 qma
647 2579 771 2650 duabus
793 2585 952 2650 vocalibus
970 2597 1112 2660 constat;
1136 2608 1193 2650 nec
1212 2587 1363 2652 assentiar

213 2665 218 2674 Χ
312 2668 408 2737 docto
423 2668 587 2749 Britanno,
602 2669 659 2757 qui
673 2671 783 2735 similia
797 2671 866 2736 loca
884 2683 1032 2760 corrupta
1045 2695 1111 2736 esse
1124 2672 1360 2758 pronuntiavit;

314 2753 488 2843 laudatque
500 2780 560 2845 pro
573 2755 717 2845 exemplo
732 2757 794 2822 Od.
809 2764 844 2822 B.
861 2761 905 2824 54
915 2758 969 2836 δοίη
985 2759 1007 2821 δ’
1023 2755 1045 2844 ᾧ
1058 2758 1154 2836 ἐθέλοι,
1164 2757 1215 2821 nal
1228 2765 1253 2823 ot
1268 2771 1368 2846 κεχα·’

313 2841 440 2928 propius
454 2842 537 2924 ἔλθοι,
552 2842 586 2910 iu
599 2843 660 2909 hoc
681 2842 830 2914 excidisse
846 2849 859 2908 ὀ
874 2842 924 2908 vel
939 2843 974 2919 ὅς.
998 2843 1088 2931 atqui
1105 2844 1148 2908 sio
1162 2867 1270 2910 versus
1295 2870 1363 2911 cor·

313 2940 429 3016 ruptus
443 2943 542 3010 esset,
558 2953 631 2994 nam
645 2931 727 2996 foret
745 2958 793 2996 και
809 2936 836 3007 ὂς
852 2935 904 2995 fos.
949 2929 1078 3082 {lffisis
1101 2943 1208 2996 autem
1222 2930 1293 3012 illa,'
1303 2933 1360 2998 etsi

285 3066 288 3084 .
314 3015 421 3102 paullo
433 3015 555 3096 durior,
570 3017 658 3082 haud
674 3040 746 3082 raro
759 3016 895 3082 occurrit
907 3016 941 3080 in
971 3016 977 3030 '
1037 3016 1237 3092 'structura3
1261 3019 1361 3084 omni-

314 3124 418 3189 noque
435 3115 485 3188 est
505 3103 566 3172 hoc
588 3103 849 3255 interK'Ipraecepta
866 3103 931 3168 inte
970 3103 1128 3168 rotationis
1147 3103 1270 3190 antiqui
1287 3129 1361 3204 poe.

315 3201 376 3267 tae,
399 3212 465 3254 esse
485 3212 523 3253 ea
543 3191 665 3277 proban
688 3215 717 3271 a,
740 3214 822 3278 qnae
844 3201 918 3254 sunt
932 3127 1077 3270 duriora,
1099 3189 1169 3270 alia,
1188 3189 1221 3254 in
1243 3191 1360 3278 qulbus

312 3273 455 3342 studium
468 3274 604 3344 leniendi
619 3289 651 3340 et
672 3276 811 3367 poliendi
828 3290 988 3370 appareat,
1005 3289 1154 3363 tanquam
1172 3276 1296 3344 serioris
1317 3280 1361 3344 fa-

314 3359 429 3440 bricae,
444 3361 619 3449 rejicienda.
751 3443 752 3448 ἵ
873 3367 875 3369 ’

357 3448 609 3514 Commemoravi
623 3448 657 3513 iu
670 3449 730 3514 hoc
752 3451 900 3518 Excursu
920 3450 1071 3520 nonnulla
1083 3475 1165 3538 quae
1189 3453 1361 3518 Homerico

306 3532 449 3603 sermoni
468 3558 511 3604 ¹ex
532 3536 658 3602 rudiore
686 3550 787 3604 aetate
809 3539 984 3604 adhaeseress
1030 3539 1115 3602 Nam
1138 3552 1284 3606 sexcenta
1303 3539 1361 3604 alia

314 3619 421 3686 notaui
434 3621 550 3708 passim
564 3622 597 3687 in
620 3623 710 3690 Obss.
731 3649 813 3712 quae
827 3625 869 3689 ad
883 3625 1012 3690 eandem
1028 3623 1258 3692 excusationem
1273 3650 1360 3692 revo-

311 3706 377 3771 cari
391 3720 534 3794 possunt,
550 3721 587 3774 ut
606 3709 700 3774 etiam
714 3735 807 3778 usum
826 3711 928 3777 dualis
952 3709 1011 3798 'pro
1032 3711 1148 3798 plurali
1166 3711 1229 3776 huo
1243 3714 1360 3778 referre

309 3791 403 3858 licet:
428 3816 458 3857 v.
474 3793 515 3858 ad
530 3801 569 3860 Α.
586 3795 651 3864 567
664 3794 753 3861 ἆσσον
768 3799 845 3874 ἰόντε,
890 3800 941 3863 Ne
957 3797 1240 3886 praetermittamus
1256 3812 1359 3866 tamen

309 3878 477 3950 innumera
493 3880 554 3953 alia
570 3881 737 3968 praeclara,
753 3905 834 3982 quae
855 3907 955 3948 sermo
976 3883 1028 3951 ille
1049 3882 1228 3971 antiquitati
1253 3885 1358 3966 debet,

310 3967 513 4054 quorumq’us
541 3981 664 4066 partem
685 3991 819 4042 severior
847 3970 1059 4057 grammatica,
1086 3983 1118 4034 et
1145 3969 1360 4058 philosophica

308 4053 468 4121 subtilitas
477 4052 755 4142 judicii'politioris
770 4056 921 4122 seriorum
935 4069 1084 4135 aetatum,
1100 4075 1139 4122 e'x
1154 4057 1240 4144 poesi
1256 4072 1358 4124 sustu-

303 4137 358 4214 lit,
401 4142 454 4206 De
467 4139 517 4206 his
539 4141 652 4230 agendi
674 4163 759 4206 nuno
780 4141 867 4206 locus
888 4165 951 4219 non
973 4155 1039 4240 ἵεις
1062 4144 1103 4208 de
1120 4143 1228 4208 multis
1247 4144 1357 4210 melius

308 4238 453 4296 constare
463 4228 568 4314 coepit
585 4251 625 4292 ex
646 4227 694 4307 iis,
710 4229 850 4316 quae'de
866 4229 1007 4296 barbaris
1027 4229 1196 4295 Amerioae
1211 4230 1356 4298 tribubus

305 4325 436 4387 narrata
448 4313 642 4404 accepimus:
667 4328 862 4413 quantopere
876 4315 1108 4404 ipsa'sermonis
1127 4329 1249 4406 egestas
1263 4330 1296 4394 et
1313 4317 1358 4386 in-
