3026 5056
341 361 387 428 30
716 357 980 426 nxcUnsUs‘
991 357 1019 424 1.

385 537 606 602 Memormrtur
619 533 685 598 duo
697 531 779 596 iuter
832 529 840 544 ⁶
864 530 948 619 cipes
962 527 1170 610 Achivomnn,
1186 527 1311 597 tactioes
1323 543 1390 598 arto

341 622 447 710 aliqua
467 619 628 686 imtructi:
660 553 877 698 Menestli’dib
901 616 970 683 dux
994 613 1246 695 Atheniensium,
1288 615 1327 682 Il.
1353 625 1386 683 B.

340 711 414 774 553.
438 709 485 792 dt)
507 705 585 771 nihil
611 716 717 771 temen
742 715 903 792 praeterea
927 702 967 794 de
992 725 1031 766 eo
1054 701 1200 782 occurrit,
1226 704 1314 801 quod
1339 704 1388 768 di,
1483 751 1485 760 .

339 804 391 858 cto
411 793 508 859 fidem
527 791 640 867 facian
667 789 727 857 nisi
748 789 836 877 quod
857 787 896 853 Il.
919 792 958 853 N.
984 785 1049 858 689
1069 787 1312 854 Atheniensium
1334 789 1388 855 de

339 876 423 958 lecti,
436 877 663 965 προλιλιγμένοι,
685 877 766 942 duce
787 873 986 952 Menestheo,
1003 872 1132 938 densam
1153 884 1289 938 turmam
1310 874 1387 940 ob'i-

339 963 428 1030 ciunt
449 963 584 1064 Hectori
601 961 741 1028 irruenti.
785 960 890 1060 Alter,
906 957 1173 1058 Nestonduobus
1189 957 1265 1058 lpcis
1280 959 1333 1027 lau

340 1045 1388 1229 nemorosorum&

340 1221 459 1308 φρήτρας
480 1220 603 1309 disponi
619 1221 751 1308 jubeam
774 1218 899 1284 videtur
918 1217 1037 1305 itaque,
1052 1216 1140 1304 quod
1153 1239 1207 1282 mx
1221 1216 1329 1282 credas
1341 1217 1388 1283 fa·

339 1318 437 1385 ctum,
461 1317 533 1371 ante
554 1305 589 1372 id
611 1317 675 1370 tem
698 1329 736 1370 us
759 1327 783 1392 p
847 1315 939 1384 ¹tum
963 1325 1028 1368 esse
1051 1302 1239 1389 promiscue,
1262 1315 1295 1368 et
1317 1327 1388 1392 per-

339 1392 473 1472 mixtim,
552 1391 599 1458 uti
621 1329 717 1456 turbs
737 1414 774 1456 co
819 1401 931 1455 uxerot
951 1387 985 1453 in
1007 1387 1105 1454 aciem
1126 1401 1309 1477 progressa3
1331 1390 1386 1470 ita,

340 1478 444 1568 pergit
466 1478 473 1491 '
498 1501 528 1558 e,
545 1490 706 1566 promtum
728 1477 796 1543 fore
821 1476 863 1541 ad
884 1473 1133 1564 intelligendum,
1156 1487 1306 1562 quantem
1329 1477 1387 1542 du·

339 1585 412 1630 oum
433 1562 567 1652 quisque
589 1577 622 1630 et
643 1576 819 1629 turmarum
839 1583 984 1650 quaeque
1004 1560 1153 1626 virtutem
1173 1574 1314 1637 exseret3
1337 1585 1387 1628 oo-

338 1649 446 1798 gnosci
459 1673 505 1738 qu
547 1671 587 1715 ue
607 1671 709 1738 posse,
724 1649 849 1736 ignavie
861 1669 902 1712 ne
915 1669 957 1712 an
970 1646 1126 1735 imperitia
1145 1647 1309 1796 pugnandi
1322 1649 1388 1714 bet·

339 1748 554 1920 sibidio,
569 1733 952 1920 {tasioetissfttt
971 1731 1013 1884 i·
1026 1735 1179 1919 ,titii
1195 1735 1388 1918 iffi

338 1929 415 1986 acre,
431 1920 463 1973 et
477 1919 635 1996 quotquot
654 1919 736 1973 mter
755 1907 877 1996 pedites
897 1917 999 1972 essent
1019 1928 1127 1994 copiae
1147 1904 1329 1972 vshdrores:
1352 1907 1386 1972 in

339 1993 443 2059 medio
457 2008 561 2060 autem
580 1993 762 2074 multitudo,
777 1994 868 2081 cujus
881 1992 992 2058 virtuti
1004 1992 1160 2058 confidere
1172 1992 1262 2059 haud
1347 1993 1384 2059 't:

339 2101 422 2166 quae
447 2103 522 2146 sene
545 2103 596 2146 res
621 2103 685 2146 non
710 2092 758 2145 est
782 2101 915 2168 magnae
940 2077 1124 2166 sagacitatis,
1154 2079 1271 2144 laudan
1340 2092 1387 2144 m-

338 2187 412 2230 men
431 2166 465 2230 in
488 2165 613 2233 tactices
633 2164 839 2232 incunabulis.
891 2164 1092 2252 Adjunctum
1113 2178 1162 2230 est
1181 2188 1226 2230 vs
1252 2167 1314 2230 301
1338 2188 1385 2254 sq.

337 2249 426 2317 aliud
447 2267 661 2343 praeceptum,
679 2253 768 2341 quod
789 2250 831 2316 ad
853 2273 963 2316 currus
985 2262 1104 2338 spectat
1125 2251 1203 2335 (τοὺς
1224 2253 1326 2337 ἱππεῖς)
1349 2264 1386 2316 ut

337 2337 443 2426 iiqui
469 2362 565 2424 curru
590 2339 761 2419 vehuntur,
787 2339 962 2404 oontineant
991 2359 1091 2422 equos,
1119 2359 1176 2402 nec
1204 2335 1312 2402 turbas
1340 2338 1386 2402 fa·

338 2423 440 2500 cim1t3
464 2438 545 2505 tum,
560 2437 598 2492 ut
612 2425 619 2440 ’
658 2425 669 2490 i
692 2425 733 2490 sis
747 2425 899 2490 ordinibus
911 2433 1001 2502 stent,
1016 2445 1074 2487 nec
1087 2435 1160 2487 ante
1174 2421 1298 2488 ordines
1306 2446 1386 2511 pro-

335 2510 521 2587 cedant-nec
534 2449 731 2578 retroldednt
744 2522 816 2599 post
834 2532 907 2584 eos;
929 2509 974 2574 ita
994 2508 1077 2573 enim
1097 2508 1200 2595 majus
1213 2529 1322 2607 eorum
1335 2531 1387 2608 ζο-

337 2596 399 2660 bur
412 2597 499 2672 fore3
522 2597 723 2686 tandemque,
739 2596 795 2662 ubi
813 2595 858 2662 ad
877 2595 999 2660 hostem
1019 2607 1206 2683 perventum
1219 2593 1325 2674 fuent,
1341 2608 1386 2661 rta

337 2681 375 2745 ut
388 2681 422 2745 in
435 2705 531 2747 curru
546 2695 679 2748 stantem
692 2684 815 2748 hostem
834 2680 903 2746 telis
924 2680 1076 2768 attingere
1097 2680 1227 2767 possint,
1242 2692 1280 2744 ut
1294 2682 1386 2748 husto

215 2793 218 2799 ·
338 2787 406 2831 etcm
427 2769 467 2833 de
487 2791 578 2834 curru
594 2779 714 2852 petant,
728 2767 771 2834 ad
829 2790 870 2832 ue
887 2790 951 2832 non
964 2766 1108 2831 desiliunt
1121 2788 1178 2830 neo
1190 2765 1314 2854 pedites
1326 2790 1386 2855 pu.

381 2865 443 2918 ent.
476 2857 671 2955 Proroostm
684 2854 718 2920 in
730 2853 780 2920 his
848 2852 1202 2954 exemplum‘msjorum.
1235 2853 1384 2950 Itoenim

336 2939 1100 3114 ,iiitiffffaffiidpiiiiidffi
1113 2937 1387 3090 diffisi

380 3201 468 3264 Bene
480 3199 610 3287 quidem
624 3201 790 3266 Nestorem
803 3201 848 3266 ita
860 3201 1051 3289 praecepisse
1065 3201 1226 3274 videmus3
1248 3213 1282 3264 et
1302 3221 1385 3286 quae

335 3283 409 3348 inde
423 3285 464 3350 de
477 3285 601 3374 proeliis
614 3287 704 3352 fectis
724 3300 902 3367 narrantur,
918 3287 1031 3351 docent
1046 3297 1103 3351 aut
1116 3285 1144 3350 ei
1158 3307 1271 3374 parum
1288 3283 1385 3350 fuisse

335 3370 597 3459 obtemperatum,
621 3385 688 3453 aut,
712 3373 792 3439 siin
814 3395 941 3460 pugnae
961 3370 1049 3436 initio
1071 3372 1106 3437 id
1127 3371 1256 3450 fectum,
1275 3369 1384 3458 paullo

334 3467 407 3542 post
421 3459 579 3524 turbatam
594 3481 660 3526 esse
673 3459 781 3540 aciem,
796 3458 908 3524 autad
922 3457 1002 3524 solos
1017 3457 1124 3556 Pylios
1139 3456 1279 3522 Nestoris
1292 3479 1383 3545 prae-

334 3554 426 3642 cepta
438 3555 471 3608 et
484 3544 611 3610 consilia
624 3558 786 3634 spectasse.
831 3540 926 3623 Quod
946 3542 988 3608 ad
1008 3565 1096 3631 prius
1112 3541 1192 3607 illud
1204 3542 1326 3622 attinet,
1342 3543 1383 3608 de

216 3667 217 3676 κ
334 3649 431 3716 oopus
445 3652 503 3718 per
516 3637 592 3715 φῦλα
604 3643 637 3699 et
651 3634 770 3717 φρήτρας
784 3629 995 3730 disponendis,
1007 3651 1083 3694 usus
1097 3628 1165 3716 ejus
1177 3627 1311 3693 instituti
1324 3651 1385 3716 per

335 3735 368 3776 se
382 3737 446 3781 non
460 3729 567 3782 tantus
580 3741 646 3784 esse
660 3717 775 3805 potuit,
791 3729 830 3781 ut
842 3716 967 3782 ordines
980 3727 1191 3790 servarentur3
1214 3714 1384 3802 descriptio

333 3797 394 3865 isto
406 3801 469 3867 fuit
482 3815 661 3892 comparate
672 3802 716 3869 ad
729 3801 857 3890 originis
877 3814 910 3868 et
930 3801 1034 3890 stirpis
1049 3799 1212 3881 rationem,
1227 3813 1265 3865 ut
1277 3799 1311 3879 ii,
1326 3801 1384 3889 qui

332 3906 354 3949 e
377 3889 536 3954 communi
561 3889 656 3977 stirpe
683 3911 785 3976 genus
808 3888 969 3968 ducerent,
995 3885 1168 3954 seeundum
1191 3897 1300 3974 gentes
1324 3905 1384 3974 per

332 3969 440 4059 plures
463 3975 564 4041 tribus
586 3972 757 4054 distributi,
776 3973 810 4040 in
829 3997 894 4040 uno
914 3973 983 4040 loco
1003 3973 1215 4052 consisterent,
1229 3971 1384 4060 dispesoe-

333 4070 443 4124 rentur
455 4073 561 4127 sutem
575 4060 609 4124 in
623 4071 671 4126 tot
685 4073 814 4141 turmas,
829 4075 908 4149 quot
929 4073 1031 4126 esseut
1051 4060 1205 4147 cujusque
1221 4059 1323 4126 tribus
1336 4057 1383 4124 fa·

332 4144 436 4210 miliae
456 4169 514 4233 per
534 4143 640 4233 plures
660 4146 781 4228 domos,
796 4169 905 4235 pagos,
920 4158 1038 4212 tractus
1055 4145 1385 4234 dispersae-sanguine

332 4229 414 4296 inter
428 4255 461 4296 se
474 4244 507 4297 et
526 4232 689 4299 connubiis
704 4232 854 4332 junctam
876 4234 935 4299 hae
949 4232 1086 4300 debuere
1099 4254 1166 4298 esse
1180 4235 1314 4318 φρῆτραις
1339 4230 1383 4296 ita

335 4313 502 4384 Thessalos
522 4329 602 4407 puta
623 4318 794 4408 descriptos
814 4317 910 4398 fuisse
931 4319 964 4385 in
984 4318 1092 4408 plures
1106 4317 1217 4406 stirpes
1231 4339 1267 4382 ec
1281 4339 1383 4406 popu-
