2998 5052
484 365 721 440 DISSERT.
747 373 773 438 1.
1110 363 1174 437 305

124 531 296 631 praecinto
309 558 459 634 tempore.
504 547 588 612 Nam
603 561 651 628 ut,
666 569 748 636 quae
767 535 1017 612 hactenus'dicta
1031 530 1115 624 sunt,
1130 545 1173 609 ad

125 632 295 714 sententias
315 632 502 720 temporales
523 633 758 711 transferamus,
779 632 827 696 his
847 645 903 696 aut
915 644 1001 696 certa
1014 653 1074 710 res,
1089 653 1175 717 quae

126 717 235 796 luerit,
252 714 301 797 sit,
317 719 367 783 vel
387 721 497 784 futura
518 719 570 800 sit,
588 719 771 807 designetur
791 733 915 784 necesse
934 733 992 797 est,
1008 731 1055 796 ut,
1071 715 1117 781 irs
1131 717 1172 796 ἦν,

126 801 174 868 ὅτι
189 804 275 884 ἔστιν,
289 805 334 870 ὅτε
349 806 442 882 toran
459 819 515 872 aut
529 807 657 886 incerta,
669 829 769 894 eaque
782 805 833 871 rel
848 805 901 884 sic,
914 816 951 869 ut
964 825 1021 868 nos
1036 815 1171 884 tantum,

127 901 238 956 utrum·
257 891 308 971 sit,
329 915 371 956 an·
389 915 453 957 non
471 893 521 973 sit,
541 893 738 981 ignoremus:
761 915 845 981 quae
863 889 1001 956 conditio
1014 913 1115 977 quum
1132 913 1173 954 ex

125 991 244 1044 aventu
264 978 369 1044 adhuc
383 980 605 1068 cognoscendo
626 1003 679 1045 sus
742 1003 776 1045 sa
798 979 850 1058 sit,
869 977 1000 1066 planum
1019 989 1078 1057 est,
1092 977 1174 1042 hanc

126 1075 227 1128 totam
252 1064 404 1130 rationem
429 1087 493 1130 non
521 1066 581 1132 nisi
608 1067 651 1132 ad
692 1079 823 1131 uturum
853 1077 978 1152 tempus
1004 1061 1170 1151 pertinere.

126 1149 213 1213 Nam
226 1149 261 1214 id
274 1163 409 1232 tantum,
448 1152 513 1218 uod
527 1153 669 1218 nondum
690 1153 809 1218 factum
823 1164 881 1230 est,
896 1161 1003 1238 potest,
1014 1171 1054 1214 ex
1067 1149 1174 1214 condi-

126 1233 212 1300 tione
233 1236 352 1302 incerta
370 1175 516 1338 peridere.
562 1239 657 1319 Quod
677 1251 784 1304 autem
805 1259 914 1302 revera
927 1236 977 1300 vel
996 1236 1043 1315 fit,
1059 1235 1110 1301 vel
1127 1235 1175 1300 sa-

125 1334 214 1388 ctum
233 1336 291 1403 cst,
308 1323 343 1388 id
361 1347 387 1389 ει
405 1347 471 1413 qua
488 1349 527 1390 ex
546 1325 724 1394 conditione
743 1324 872 1413 pendet,
894 1345 933 1387 ea
952 1322 1090 1388 conditio
1111 1343 1175 1385 non

120 1408 192 1495 jam
206 1408 324 1474 incerta
337 1433 403 1476 esse
416 1425 531 1499 potest,
543 1412 598 1477 sed
609 1435 717 1477 revera
729 1410 860 1499 impleta
872 1409 970 1473 fuerit
981 1429 1104 1474 necesse
1114 1420 1172 1486 est,

149 1493 203 1558 uia
215 1485 316 1580 aliter,
327 1497 415 1584 quod
429 1519 469 1564 ex
484 1521 523 1566 aa
535 1499 703 1586 pendebat,
713 1520 777 1563 non
790 1496 950 1563 evenisset
974 1496 1079 1573 Quare
1089 1506 1174 1558 recte

149 1579 212 1645 'eas
232 1581 340 1663 Enisa,
364 1584 445 1649 irrita
465 1586 578 1662 ἵκηταις
602 1607 665 1654 non
689 1598 795 1650 autem
817 1581 926 1672 possit,
950 1581 1070 1659 ἐξένισα,
1093 1581 1174 1644 indta

125 1668 231 1743 ἵκηται.
277 1670 479 1768 Sedpotsris
499 1671 533 1735 in
553 1671 709 1760 praesenti
730 1683 881 1758 tempore,
902 1667 997 1734 modo
1015 1689 1056 1730 ne
1071 1666 1111 1731 de
1125 1689 1173 1746 eo,
1280 1729 1282 1734 ,

125 1751 216 1840 quod
237 1775 322 1853 punc
343 1778 447 1854 ipsum
469 1758 534 1839 fiat,
557 1758 631 1841 (hoc
652 1757 736 1831 enim
757 1769 879 1822 certum
899 1756 962 1841 est)
982 1753 1040 1818 sed
1059 1753 1102 1818 de
1123 1775 1173 1830 eo,

126 1838 216 1989 guod
236 1840 437 1907 mdtlinitum·
456 1856 514 1923 est,
528 1843 663 1931 ideoque
684 1841 790 1930 aliqua
811 1842 861 1908 sui
878 1854 968 1930 parta
986 1863 1027 1904 ex
1044 1861 1082 1904 eo
1100 1859 1176 1926 pen-
1279 1842 1286 1855 '

28 1983 32 1986 .
150 1939 196 2006 et,
234 1926 425 2013 uod-adhuc
445 1929 599 1999 incertum
621 1943 685 1994 est:
709 1943 757 2008 ut,
773 1934 814 2015 τῷ
833 1936 876 1993 νῦν
894 1929 939 1992 rol
957 1928 1008 2011 μὲν
1023 1925 1081 2012 ἐγὼ
1094 1929 1177 2004 ξεῖνος

130 2011 211 2093 pinta
234 2019 328 2102 Agyri
338 2013 439 2103 piccrp
454 2017 521 2099 alpi,
536 2018 573 2080 σὺ
587 2018 609 2080 8⁴
625 2021 651 2080 iv
666 2015 768 2103 Λυκίῃ,
780 2014 824 2078 ὅτε
839 2039 885 2078 κεν
899 2022 953 2078 τῶν
964 2016 1045 2094 δῆμον
1059 2012 1176 2094 ἵκωμαι,

132 2099 243 2182 impet
259 2121 339 2178 mm,
357 2102 385 2164 ti
402 2104 523 2186 qtmttdo
543 2102 622 2167 arae
642 2121 757 2168 veneto.
802 2101 878 2166 Jam
898 2097 1102 2186 intelligetur,
1121 2119 1179 2161 cur

130 2183 216 2248 idem
231 2185 264 2249 in
278 2186 453 2286 praeteritis
467 2209 524 2287 per
536 2188 714 2276 optativum
734 2185 934 2274 significetur.
980 2187 1063 2249 Nam
1078 2205 1179 2270 quum

130 2271 362 2358 conjunctivus,
378 2288 416 2338 ut
430 2295 487 2362 qur
507 2274 609 2340 futuri
629 2273 788 2338 notionem
810 2272 977 2349 contineat,
997 2293 1061 2334 non
1082 2270 1180 2356 possit

131 2357 312 2449 praeteritis
324 2360 562 2441 accommodari,
585 2374 727 2448 apparet,
751 2358 877 2445 siquid
898 2357 930 2421 in
952 2356 1001 2421 his
1021 2355 1180 2422 inlinitum

129 2456 190 2520 est,
205 2443 240 2508 id
252 2464 310 2533 per
324 2467 397 2512 eum
412 2447 577 2535 significari
592 2447 722 2513 modum
736 2445 861 2524 debera,
877 2465 943 2532 quo
956 2441 1035 2529 quid
1050 2441 1180 2506 omnino

130 2527 200 2596 sine
213 2531 370 2630 temporis-
383 2533 542 2600 notatione
561 2547 600 2598 ut
620 2533 785 2611 incermm,
801 2531 930 2618 solaque
944 2528 977 2592 in
991 2527 1179 2628 cogitatione

130 2616 271 2705 positum
286 2619 459 2685 radicatur:
482 2619 509 2684 is
523 2633 570 2686 est
589 2631 695 2684 autem
714 2617 883 2706 optativus.
928 2615 1029 2681 Unde
1039 2613 1119 2680 rllud
1133 2613 1180 2678 di-

131 2716 221 2769 ctum
239 2718 297 2783 ast,
312 2706 436 2770 πολλάκι
456 2731 503 2788 μιν
521 2705 665 2786 ξείνισσεν,
682 2706 762 2770 ὁπότε
782 2705 920 2794 Κρῆιηθεν
937 2703 1035 2781 ἵκοιτο,
1052 2700 1180 2783 lmrpt'lic

132 2803 203 2854 eum
217 2792 345 2874 excepit,
360 2792 389 2856 si
402 2793 532 2878 pondo,
545 2791 597 2856 vel
610 2792 727 2877 quotus
740 2791 861 2856 veniret.
890 2789 955 2855 Sed
969 2811 1009 2854 ex
1023 2788 1084 2852 hcc
1097 2786 1109 2850 i
1168 2833 1178 2865 ,

130 2875 254 2962 quodo
278 2875 395 2942 tatinus
407 2877 492 2942 omni
507 2879 655 2966 temporis
668 2875 796 2942 notione
809 2887 905 2955 earet,
920 2874 1010 2942 facile
1032 2809 1178 2959 intelig-¹

131 2975 199 3040 tur,
217 2899 307 3042 niiil,
326 2962 386 3027 nisi
407 2985 512 3043 usum,
531 2965 667 3044 obstare,
676 2963 762 3050 quin
782 2962 894 3027 eodem
915 2961 1011 3028 modo
1032 2960 1125 3024 etiam
1146 2959 1180 3021 in

174 3048 351 3116 assantibus
365 3063 397 3114 et
410 3050 528 3115 suturis
541 3073 602 3116 usu
660 3064 722 3114 tur.
768 3050 881 3114 Restat
899 3048 961 3114 alia
978 3046 1083 3112 adhuc
1102 3066 1178 3109 con-

158 3133 263 3200 itionis
277 3136 404 3200 notatio
432 3138 519 3214 Quas
532 3073 781 3202 enimrpheactenus
794 3134 942 3214 vidimus,
958 3151 1065 3198 earum
1079 3129 1182 3218 prima

134 3220 171 3308 in
182 3219 231 3300 iis,
245 3231 329 3308 quate
342 3235 428 3288 certa
441 3236 526 3304 sunt,
544 3223 737 3302 versabatur,
751 3221 803 3286 cui
817 3220 990 3286 destinatus
1004 3231 1051 3283 est
1064 3216 1181 3298 indica·

133 3306 239 3394 fivusst
263 3307 400 3374 secunda
420 3322 487 3374 erat
507 3329 628 3390 eorum,
644 3331 726 3396 quae
744 3307 848 3372 sintne
868 3329 909 3372 an
927 3327 992 3371 non
1011 3304 1084 3383 sint,
1104 3325 1182 3368 nona

135 3392 222 3479 dam
238 3393 429 3474 seimonau
448 3395 543 3460 servit
561 3385 799 3483 conjunctivum
823 3394 916 3459 tertis
936 3391 1115 3458 mutuebat
1133 3413 1181 3470 ea,

136 3497 221 3567 quae
236 3481 300 3550 siva
313 3495 400 3562 sunt,
414 3481 478 3546 sive
491 3501 556 3548 non
565 3495 655 3563 sunt,
667 3481 825 3547 'sumimus
837 3503 914 3560 esse,
929 3480 1022 3567 cujus
1036 3477 1184 3565 proprius

134 3580 184 3631 ast
208 3567 375 3658 optatione.
419 3570 495 3634 Jarn
519 3569 569 3633 his
593 3581 712 3656 quarta
732 3568 862 3647 accedit,
886 3587 968 3653 quae
990 3578 1038 3628 est
1059 3580 1181 3640 eorum,

135 3669 220 3739 quae
234 3653 279 3718 sic
292 3653 444 3740 srmrirnus
456 3676 534 3734 esce,
550 3667 588 3720 ut
602 3654 693 3720 simul
715 3673 779 3731 ηομ
798 3675 864 3718 εεεε
882 3651 1095 3716 conliteamur.
1142 3649 1183 3712 ln

138 3757 204 3854 epla
226 3733 376 3837 quoniam
400 3739 472 3820 hoc,
498 3761 562 3806 non
584 3763 652 3806 esse
675 3739 807 3827 aliquid,
832 3749 953 3803 certum
977 3748 1042 3801 est:
1066 3734 1184 3824 placuit

137 3825 384 3914 (sraecrsmodo
402 3827 450 3892 uti
465 3849 516 3908 eo,
532 3849 597 3926 quo
616 3827 709 3892 simul
728 3839 761 3890 et
783 3847 832 3890 res
849 3837 945 3904 certa,
965 3835 997 3887 et
1015 3843 1098 3910 quae
1117 3842 1182 3884 non

137 3925 197 3990 est,
210 3911 412 3998 indicaretur,
428 3913 461 3978 id
475 3926 523 3978 est
537 3913 706 3998 indicativo
723 3910 975 4000 praeteritorum,
990 3918 1132 3994 excepto,
1148 3917 1185 3970 ut

138 4011 290 4087 parerat,
305 3999 455 4148 perlecto,
470 3999 557 4087 quod
571 3999 604 4063 in
618 4001 679 4064 hoc
701 3998 871 4088 praesentis
891 3992 1075 4146 sipnilioatio
1096 4013 1184 4090 repe3
1215 4037 1219 4046 1

138 4084 263 4150 nitetur.
330 4099 425 4172 taque
438 4086 525 4172 quod
541 4085 701 4164 Latini,st'
715 4088 770 4150 hoc
783 4095 861 4148 esset
874 4105 913 4147 ve
930 4082 1053 4163 finisset,
1070 4079 1185 4142 Gracci

137 4190 195 4321 ptr
214 4167 418 4250 indicativum
440 4171 613 4261 imperfecti
628 4171 678 4237 vel
698 4165 995 4260 plusquamperfecti
1009 4163 1060 4228 vel
1079 4161 1186 4227 aoristi

161 4257 258 4322 'cunt
1152 4293 1154 4298 ·

184 4343 247 4407 His
261 4343 473 4431 positis-quasi
494 4343 717 4423 fundamentis,
739 4341 905 4409 sententias
925 4337 1111 4429 temporales
1133 4359 1186 4401 ac-

649 4452 671 4492 x
