2998 5052
466 387 535 459 AD
557 391 707 459 1L1AD.
731 398 767 458 Ψ.
790 397 842 458 84.
953 415 957 430 ·
1115 397 1180 467 227

132 557 279 631 abierunt
292 563 314 629 ii
328 565 360 630 in
375 565 459 632 incra
480 565 648 652 cornmcyttc
666 569 797 650 poetico,
813 579 844 632 et
858 567 976 654 ingenii
994 567 1093 648 lusus,
1108 571 1178 657 qui-

131 651 191 718 bus
205 652 302 717 animi
316 653 512 719 audientium
526 653 746 718 mulcerentur.
790 654 929 719 Praeivit
942 654 991 719 his
1005 657 1176 735 Homerus,

133 761 195 803 non
209 740 315 826 magis
324 740 356 804 in
397 740 450 804 nio
463 763 561 828 quam
575 741 643 804 aevi
657 753 689 805 et
703 741 850 806 materiae
864 741 1037 820 carminum
1050 743 1179 809 fortuna

131 825 219 905 felix,
235 838 267 890 et
288 763 475 892 inviddndae
497 827 598 907 sortis,
619 840 730 916 poeta3
754 851 832 893 usus
853 828 936 893 enirn
958 830 1088 981 antitypa
1108 854 1178 918 per-

133 913 287 992 suasione,
302 937 367 1001 qua
387 915 497 978 heroes
518 914 594 978 deos
608 914 727 980 viribus
748 937 897 1003 aequasse
914 927 946 980 et
965 916 1010 980 dii
1071 918 1184 992 roibus,

131 1000 203 1066 filiis
225 1000 300 1080 suis,
316 1000 464 1081 adfuisse,
481 1003 660 1088 Perseoque
681 1014 713 1066 et
736 1002 869 1067 Herculi
890 1002 1035 1068 comitem
1050 1005 1178 1068 Athene

134 1111 165 1152 se
187 1087 368 1178 praebuisse
389 1099 515 1152 nauata
536 1101 614 1168 erat,
629 1089 695 1176 ipsc
716 1089 864 1155 heroibus
885 1089 926 1154 ad
949 1090 1081 1176 Trojam
1103 1090 1179 1156 deos

131 1197 152 1238 a
173 1173 290 1262 posuit,
305 1188 457 1262 tanquam
472 1187 614 1240 auctores
628 1197 733 1240 rerum
748 1188 780 1239 ct
793 1177 932 1241 fautores
950 1175 1109 1264 partium3
1134 1178 1179 1243 ita

131 1198 195 1340 ille,
221 1261 310 1348 quod
337 1261 522 1328 Herodotus
547 1262 602 1342 ait,
628 1285 702 1326 cum
728 1263 870 1328 Hesiodo
897 1262 1027 1328 Graecis
1049 1263 1123 1329 theo

133 1348 228 1428 mam,
252 1347 374 1436 primus
395 1349 590 1414 constituisse
611 1348 674 1413 dici
695 1349 818 1436 potuit3
842 1372 915 1413 nam
935 1289 1179 1449 unicuiquedbb

133 1457 223 1500 suam
244 1457 421 1523 personam,
442 1435 585 1523 speciem,
605 1449 704 1501 artem
725 1450 758 1499 et
780 1459 896 1500 munus
916 1436 1105 1524 assignamt3
1130 1461 1179 1502 ea-

132 1545 197 1610 que
211 1545 250 1586 ex
265 1521 401 1586 carmine
415 1522 449 1586 in
463 1523 517 1586 vul
577 1545 609 1587 es
629 1521 804 1610 religiones,
819 1521 1019 1587 caerimonias
1034 1539 1066 1587 et
1080 1547 1176 1608 sacra,

134 1621 203 1673 tum
225 1608 311 1673 etin
332 1631 429 1696 opera
449 1608 508 1674 arti
532 1614 604 1673 cum
626 1608 812 1696 migrarunt,
834 1631 907 1674 cum
932 1610 1042 1674 eodem
1064 1631 1178 1676 oreac

133 1693 226 1760 vultu
240 1695 338 1772 oculis
353 1695 581 1784 subjicerentur
595 1695 726 1760 deorum
741 1696 890 1783 quisque3
907 1696 1045 1762 reddidit
1059 1719 1109 1761 ars
1120 1699 1144 1761 J
1146 1721 1178 1761 o-

132 1801 204 1846 vem
218 1781 350 1848 deorum
365 1806 482 1870 regem,
498 1783 573 1847 deos
587 1783 655 1871 ejus
669 1782 851 1870 progeniem
871 1783 929 1848 sub
945 1783 1044 1870 specie
1058 1783 1181 1869 pulcer-

133 1869 284 1934 rimarum
305 1869 493 1934 feminarum
511 1869 749 1958 juvenumque;
773 1891 857 1934 nunc
871 1868 1031 1934 Vulcanus
1046 1870 1120 1934 artis
1134 1871 1180 1934 fa-

133 1955 223 2020 brilis
242 1955 325 2044 ignis
346 1978 405 2043 ope
425 1955 605 2106 indigentis,
629 1957 757 2021 Athene
778 1955 904 2020 virtutis
926 1970 958 2020 et
982 1957 1178 2045 prudentiae,

136 2042 317 2107 Mercurius
339 2042 440 2107 omnis
461 2067 495 2108 so
518 2043 613 2108 ertiae
640 2055 748 2108 auctor
773 2055 806 2108 et
831 2043 1028 2131 exemplum
1052 2043 1106 2108 illa
1131 2068 1180 2108 ar-

134 2141 230 2208 mata,
246 2128 298 2193 hic
312 2141 462 2216 tanquam
477 2129 609 2194 nuntius
623 2129 754 2194 deorsam
774 2129 905 2217 antiquo
918 2129 1083 2195 celeritatis
1098 2153 1181 2218 sym-

134 2216 220 2298 bolo,
231 2215 292 2280 'alis
305 2215 496 2292 instructus;
520 2229 552 2280 et
567 2217 610 2281 sic
624 2215 753 2304 reliqua
786 2219 845 2296 At,
860 2217 948 2304 quod
961 2217 1095 2282 alterum
1110 2219 1181 2282 Ho-

135 2301 312 2367 merifelix
333 2301 496 2370 inventum
517 2302 590 2382 fuit,
613 2303 739 2391 mythos
761 2302 906 2402 physicos
919 2315 952 2368 et
965 2303 1082 2368 ethicos
1096 2303 1180 2368 idem

136 2403 233 2477 poeta
243 2389 276 2453 in
292 2411 381 2454 suam
395 2412 462 2454 rem
476 2389 571 2455 vertit
585 2390 639 2469 ita,
655 2406 692 2454 ut
706 2390 864 2477 ingeniose
878 2389 952 2454 istos
966 2412 1025 2477 pro
1039 2389 1120 2453 veris
1134 2391 1180 2454 fa-

137 2476 195 2542 ctis
220 2475 393 2555 adhiberet,
415 2499 516 2564 eoque
537 2489 601 2541 tam
623 2475 724 2541 multa
749 2475 828 2540 mira
852 2475 892 2540 de
914 2475 974 2540 diis
996 2497 1181 2541 commemo-

76 2607 80 2614 ·
137 2575 232 2642 rarat,
270 2563 403 2628 rofectos
421 2587 487 2628 esse
509 2562 584 2628 deos
605 2563 647 2628 ad
667 2565 838 2643 Oceanum,
854 2563 942 2643 Jovi,
957 2585 997 2628 ne
1011 2563 1181 2627 vinciretur

138 2649 236 2715 Theti
260 2672 311 2715 em
336 2650 525 2730 subvenisse,
551 2649 677 2715 latuisse
702 2650 863 2714 Bacchum
888 2648 975 2737 apud
997 2649 1180 2732 Thetidem,

136 2748 305 2826 exceptum
328 2736 517 2816 Vulcanum,
544 2760 584 2801 ex
610 2737 749 2825 Olympo
773 2737 996 2824 proturbatum
1021 2737 1054 2801 in
1079 2737 1181 2801 insula

138 2823 272 2905 Lemno,
288 2836 331 2905 et,
347 2846 366 2888 a
379 2836 479 2888 matre
493 2824 517 2888 J
518 2846 623 2888 unone
635 2825 822 2922 projectum,
837 2847 856 2888 a
871 2823 1009 2888 Thetide
1029 2835 1060 2887 et
1074 2824 1182 2910 Eury-

136 2925 240 2990 nome,
257 2909 374 2975 Oceani
388 2909 522 2990 filiabus,
539 2910 644 2997 sicque
658 2909 726 2974 alra.

180 2999 363 3062 Deventum
388 2996 462 3061 inde
487 3013 534 3061 est
558 3019 631 3062 cum
657 3010 834 3084 temporum
882 3015 1037 3082 roga-essu,
1060 3017 1109 3074 eo,
1132 3009 1180 3075 ut,
1251 3067 1253 3074 ,

137 3105 213 3150 vera
234 3083 353 3148 ratione
377 3083 466 3148 haud
489 3083 714 3163 animadversa,
736 3082 779 3151 ad
803 3019 909 3146 mulia.
925 3080 1073 3181 variaque
1099 3105 1195 3146 com--

138 3184 245 3237 menta
259 3170 462 3252 ,deverterant
483 3193 548 3235 non
568 3183 717 3251 recentes
728 3168 834 3248 modo,
849 3173 959 3232 verum
976 3167 1036 3254 ipsr
1049 3180 1180 3248 veteres,

137 3259 226 3347 iique
239 3269 362 3323 mature
376 3280 451 3322 vera
462 3257 646 3346 mythos-um
660 3255 765 3321 indole
779 3255 930 3343 ignorata.
975 3257 1024 3320 Ut
1038 3256 1183 3344 exemplo
1229 3305 1232 3312 .

139 3359 206 3410 rem
229 3344 400 3410 declarem:
424 3367 464 3408 ex
485 3368 529 3409 vu
599 3343 606 3358 '
631 3367 718 3422 more
737 3343 887 3429 loquendi
907 3363 980 3406 curn
1003 3342 1184 3430 pulcritudo

138 3431 278 3520 corporis
293 3431 386 3496 etiam
400 3431 433 3495 in
464 3430 471 3443 '
564 3455 578 3496 s
592 3431 735 3519 partibus
754 3428 974 3508 declararetur,
990 3443 1027 3494 ut
1046 3444 1125 3494 esset
1139 3439 1182 3518 ῥο-

140 3516 405 3602 δοδίικτυλοςἯρη,
419 3517 509 3582 itaet
524 3518 639 3605 Pelops
659 3517 721 3582 fuit
741 3513 910 3599 {aspersae
931 3514 1020 3596 ὤμους
1028 3539 1038 3595 ;
1048 3599 1049 3602 Ἴ
1061 3515 1193 3582 deflexa.

142 3603 319 3669 narratione
336 3603 370 3669 iu
385 3604 534 3670 humeros
547 3627 620 3669 vere
641 3604 777 3669 eburnos
789 3621 907 3678 ¹caussa
927 3601 956 3666 ei
976 3601 1103 3668 inventa
1124 3617 1182 3682 est,
1244 3615 1249 3620 ’

140 3691 215 3756 rudi
229 3703 414 3769 commento,
430 3690 595 3778 epularum
609 3714 629 3754 a
644 3687 781 3754 Tantalo
794 3687 855 3751 diis
869 3687 1093 3787 appositarum,
1109 3689 1184 3777 ipsis
1214 3687 1216 3692 ’

141 3777 198 3842 filii
223 3775 378 3842 membris.
424 3777 482 3842 Ad
504 3769 707 3844 ‘refellendam
732 3773 858 3840 fabulae
889 3773 1081 3863 impietatem
1110 3777 1183 3842 satis

142 3877 210 3928 erat
224 3885 350 3928 monere
369 3863 408 3928 de
427 3863 547 3963 origine
568 3876 600 3929 et
619 3885 727 3928 caussa
746 3861 923 3942 commenti.
969 3864 1113 3927 Senserat
1126 3862 1185 3925 im-

155 3951 291 4015 'ietatem
304 3949 430 4015 fabulae
445 3945 614 4029 Pmflarus,
629 3971 737 4014 caussa
757 3960 863 4012 autem
884 3949 1003 4014 inventi
1022 3971 1094 4012 eum
1108 3948 1184 4012 late·
1217 3971 1219 3977 ’
1251 3993 1253 3998 -

141 3973 217 4111 ban
240 4034 252 4099 i
307 4059 348 4100 ue
361 4037 448 4102 aliud
462 4036 624 4103 substituit
640 4046 850 4100 commentum
864 4035 988 4123 pueri'a
1001 4037 1084 4100 Jove
1096 4034 1184 4100 furto

142 4121 175 4187 in
198 4121 373 4222 Olympum
397 4123 488 4212 rapti.
534 4123 628 4188 Adeo
645 4123 712 4210 jam
734 4129 900 4192 tum‘vera
919 4121 999 4186 ratio
1019 4135 1051 4190 et
1071 4135 1185 4186 natura

144 4209 246 4298 mytlu
260 4209 471 4296 ignorabatur.
506 4207 696 4297 Religiones,
712 4209 771 4273 hoc
785 4221 832 4272 est
846 4209 1032 4288 cerimoniae,
1047 4207 1111 4272 anti
1135 4208 1185 4274 uis

145 4295 324 4361 rudioribus
345 4296 499 4363 aetatibus
520 4296 681 4374 subnatae,
696 4318 753 4383 per
769 4295 862 4381 plura
875 4293 996 4358 saecula
1009 4318 1028 4358 a
1042 4295 1124 4384 patri
1147 4318 1185 4362 us

146 4383 186 4446 ad
199 4383 412 4471 posteritatem
427 4395 629 4472 propagatae,
645 4405 710 4446 una
730 4405 802 4446 cum
822 4380 1020 4469 opinionibus
1041 4405 1098 4470 per
1116 4405 1185 4470 my-

635 4471 691 4538 att
956 4513 959 4516 -
