3008 5056
22 2653 24 2656 .
128 2599 306 2664 fabricando
320 2623 353 2664 se
367 2600 560 2688 accingebat:
577 2598 679 2688 primo
692 2598 761 2664 loco
775 2599 797 2663 d

441 348 509 414 AD
531 348 680 414 1L1An
702 347 741 417 Σ.
759 351 836 418 478.
1098 357 1162 424 137

133 518 224 608 cyani,
247 519 328 599 auri,
354 521 483 607 argenti.
529 523 685 587 Narratur
710 521 791 586 illud
821 522 956 611 Cinyrae
976 547 1024 589 *ex
1054 527 1163 614 Cypro

133 625 238 670 munus
252 607 356 671 fuisse.
393 609 540 698 Apparet
554 607 740 674 Phoeniciae
754 608 829 673 artis
842 632 923 697 opus
936 609 996 675 boc
1009 611 1115 691 fuisse,
1131 627 1164 678 et

133 690 245 757 diversa
258 691 383 758 metalla
391 694 459 781 jam
474 707 542 759 tum
556 695 629 761 fusa
642 707 674 760 et
686 697 745 783 pe'r
755 695 859 783 virgas
872 719 909 762 ac
924 695 1013 762 strias
1027 722 1047 763 a
1061 699 1163 764 Phoe-

133 776 244 845 uicibus
261 779 369 845 saltem
388 780 546 846 elaborata
567 805 640 846 esse.
686 784 783 860 Aere,
798 805 875 847 auro
888 795 921 848 et
934 797 1065 870 argento
1077 784 1164 866 fusas

133 864 238 930 multas
257 890 307 932 res
321 865 464 932 videmus
479 867 512 931 in
526 867 653 936 Alcinoi
673 867 767 932 domo
782 868 894 957 Odyss.
911 873 952 932 H.
968 868 1012 936 86
1025 893 1070 958 sq.
1112 873 1167 950 At

130 949 160 1013 in
172 952 303 1017 Achillis
316 951 416 1041 clipeo
429 953 582 1020 babemus
603 967 702 1020 ortem
721 954 822 1019 multo
844 947 1035 1022 subtiliorem
1056 956 1166 1022 metalss

130 1035 224 1102 lorum
249 1040 489 1112 tractandorum
509 1040 542 1104 in
583 1041 590 1054 '
637 1041 644 1054 “
685 1064 742 1106 sen
767 1041 877 1128 figuris
899 1042 1109 1131 exprimendis
1131 1055 1164 1108 et

130 1122 191 1222 ipso
207 1123 310 1191 colore
323 1125 499 1203 venandis3
522 1127 601 1192 mira
622 1126 677 1192 iles
696 1127 708 1192 i
763 1151 804 1196 ne
820 1128 887 1215 jam
910 1139 978 1194 tum
999 1129 1095 1194 fuisse
1116 1153 1165 1196 ar-

131 1223 213 1302 trum¹
226 1225 258 1278 et
283 1212 481 1300 ingeniorum
510 1214 670 1306 profectus
697 1214 715 1278 f
769 1237 787 1278 e
815 1237 950 1297 censeas,
976 1215 1002 1280 si
1027 1216 1166 1282 metallo-

129 1319 193 1360 rum
204 1299 449 1398 ⁸tractandorum
471 1300 615 1389 exempla
635 1299 819 1390 expenderis
839 1301 899 1365 hoc
920 1301 952 1368 in
972 1301 1072 1391 clipeo
1092 1326 1165 1392 pro-

128 1395 240 1450 stantra.
785 1434 787 1438 ν
1120 1435 1123 1442 -
1152 1431 1158 1440 ·

166 1473 222 1553 At,
237 1473 327 1573 quod
340 1474 443 1561 majus
456 1485 514 1553 est,
528 1473 609 1538 hanc
621 1472 751 1538 eandem
771 1472 967 1539 metallorum
990 1475 1167 1540 tractando-

128 1579 192 1620 rum
206 1572 359 1626 renonem
379 1583 442 1625 non
457 1559 600 1649 Phrygia
617 1573 673 1625 aut
688 1559 890 1649 Babylonica,
906 1561 961 1625 sed
976 1561 1167 1626 Graecumue

129 1643 265 1726 sollertia,
281 1646 421 1727 invento,
437 1659 632 1734 argumento,
648 1645 820 1711 adhibitam
834 1646 977 1712 videmus
997 1648 1039 1712 ad
1059 1648 1166 1734 ingen-

129 1739 183 1794 tem
199 1753 301 1798 rerum
315 1743 346 1798 et
358 1735 513 1820 signorum
533 1734 650 1816 copiam
664 1743 695 1797 et
708 1734 887 1798 varietatem
902 1755 961 1798 rino
974 1734 1008 1798 in
1023 1735 1078 1798 hoc
1092 1735 1164 1800 loco.

129 1819 194 1896 Qua
214 1819 343 1884 tandem
365 1833 432 1885 arte
452 1819 691 1908 exquisitissima
711 1819 789 1884 baec
809 1818 933 1884 reddita
953 1843 1019 1885 esse
1040 1820 1166 1908 putabi-

128 1909 215 1971 mus?
238 1907 345 1971 Verba
369 1920 494 2006 poetam
519 1907 678 2006 declarant
699 1907 778 2006 artis
795 1918 851 1971 aut
872 1930 1000 1995 prorsus
1021 1906 1167 1994 ignarum

129 2164 260 2246 dentem,
282 2165 417 2256 chpeum
438 2167 671 2242 fabricantem·
684 2166 787 2254 pergit
810 2166 914 2232 statim
928 2191 973 2254 vs.
990 2169 1052 2232 481
1071 2171 1167 2256 ,αὐτὰρ

128 2253 152 2314 ἐν
166 2257 240 2340 αὐτῷ
257 2252 313 2339 (τῷ
328 2253 426 2338 σάκει)
442 2253 511 2317 ποίει
531 2253 651 2317 doliana
670 2257 765 2317 πολλοὶ
785 2253 882 2340 ἰδυίῃσι
901 2252 1078 2339 πραπῖδεσάι.
1102 2253 1167 2341 agl-

127 2349 175 2402 tur
189 2339 228 2404 de
242 2362 340 2427 opere
354 2339 534 2440 anaglypho
570 2339 754 2404 lurimarum
772 2340 946 2426 figurarum
960 2363 1000 2404 ex
1014 2362 1084 2404 aere
1098 2339 1169 2412 rede

127 2424 317 2502 dendnrum;
342 2449 431 2514 quasi
449 2449 525 2492 vero
545 2363 605 2491 linc
626 2425 740 2490 incude
761 2426 873 2513 posita,
985 2438 1018 2490 ta
1037 2426 1167 2514 forcipe,

127 2512 284 2578 confestim
300 2513 434 2600 procudi
448 2513 553 2602 possit.
577 2512 748 2577 Enimvero
762 2511 788 2576 si
802 2534 873 2663 (palm
888 2511 945 2576 art'
979 2535 1002 2576 x
1013 2511 1067 2578 tali
1081 2511 1169 2600 operi

796 2622 815 2662 e

127 2709 218 2774 opera
230 2686 358 2762 dandam
380 2685 488 2751 saltem
502 2698 575 2775 prot
619 2708 675 2750 um
689 2685 817 2773 aliquod
831 2685 873 2750 ad
887 2698 1003 2750 certam
1017 2697 1169 2751 rationem

127 2786 156 2836 et
179 2771 419 2844 delineationem
445 2797 484 2838 ex
510 2773 577 2861 argi
600 2796 620 2836 a
647 2772 746 2837 aliave
775 2772 904 2838 materia
929 2771 1015 2838 fictili
1038 2771 1166 2837 factum.

128 2860 195 2938 Quo
213 2860 311 2939 facto,
328 2859 490 2925 sifusione
511 2882 560 2924 res
577 2858 737 2923 efficienda
756 2872 833 2938 eret,
848 2881 943 2946 porro
960 2857 1000 2922 de
1014 2858 1115 2924 forma
1129 2882 1169 2926 ex

128 2969 160 3008 ar
180 2945 234 3011 'lla
247 2945 350 3011 aliave
361 2947 493 3012 materie
506 2959 574 3012 erat
587 2945 770 3024 videndum,
785 2944 837 3009 cui
851 2969 902 3010 aes
916 2943 1089 3031 liquescens
1102 2953 1169 3011 erat

127 2970 366 3099 inffmdendum.
384 3034 527 3118 (seriores
539 3032 653 3098 Graeci
667 3031 763 3116 λίγδον
777 3030 989 3120 appellarunt)
1005 3032 1092 3097 Aere
1101 3031 1169 3119 jam

127 3120 204 3199 fuso,
231 3143 298 3209 qua
327 3133 393 3185 arte
421 3133 453 3186 et
477 3120 597 3185 ratione
622 3118 743 3206 reliqua
767 3116 891 3202 metalla
915 3115 1008 3182 inseri
1033 3129 1090 3182 aut
1112 3117 1169 3190 ἰῐιὶ-Δ

127 3206 243 3272 misceri
257 3211 413 3295 potuere?
451 3209 526 3272 Non
546 3229 619 3272 saue
637 3205 715 3272 haec
735 3217 845 3293 poetae
867 3217 960 3270 erant
976 3203 1168 3279 enarranda3

127 3317 244 3373 verum,
261 3294 288 3357 si
302 3317 383 3382 opus
399 3308 466 3359 mat
486 3293 676 3372 faciendum,
695 3291 773 3358 haec
794 3292 902 3359 eodem
921 3304 988 3356 arte
1008 3290 1113 3356 fabrili
1134 3313 1170 3356 ac

124 3379 253 3479 plastica
267 3383 357 3446 erant
370 3379 578 3470 procuranda.
624 3380 713 3466 Ergo
725 3378 793 3467 jam
809 3392 884 3443 tum.
893 3391 980 3446 tanta
993 3377 1069 3443 artis
1082 3377 1172 3448 fuere

113 3471 331 3533 incrementa!
1163 3496 1166 3502 ·

166 3556 239 3633 Qua
253 3553 383 3641 quidem
398 3555 450 3619 via
463 3554 524 3620 tale
539 3577 620 3643 opus
637 3566 702 3618 tam
722 3554 852 3641 antiqua
870 3564 970 3616 aetate
1030 3551 1098 3617 rfici
1115 3577 1172 3642 po-

127 3641 230 3724 tnerit,
245 3641 336 3705 baud
349 3640 421 3706 licet
434 3640 565 3728 assequi.
611 3642 730 3705 Verum
748 3640 888 3704 dicamus
906 3661 970 3702 non
983 3575 1076 3703 pesile
1090 3662 1171 3726 opus

127 3725 219 3792 fuisse
241 3727 337 3814 anagl
381 3728 514 3803 borum3
537 3725 778 3816 probabiliorem
799 3749 865 3790 esse
886 3723 1015 3788 alteram
1030 3724 1113 3792 viam
1133 3749 1171 3791 ao

127 3813 291 3894 rationem,
307 3827 344 3878 ut
371 3815 453 3879 uerit
467 3837 547 3902 opus
566 3813 702 3890 ductile;
726 3811 872 3878 convenit
891 3809 951 3874 hoc
972 3834 1046 3875 cum
1067 3835 1172 3878 narra·

127 3898 225 3964 tione:
249 3900 365 3964 incude
379 3899 481 3989 posita
495 3899 671 3965 Vulcanum
687 3898 852 3988 arripuisse
872 3895 1019 3962 malleum
1035 3910 1067 3962 et
1081 3897 1171 3962 forci-
1235 3911 1238 3920 '

126 4009 205 4072 pem.
254 3986 439 4074 Cogitemus
457 3987 564 4074 itaque
581 4011 621 4052 ex
635 4009 705 4052 aere
719 3985 804 4050 fusas
825 3983 955 4048 laminas
977 4007 1031 4048 seu
1053 3982 1170 4070 plures,

127 4095 180 4137 seu
195 4097 311 4138 unam:
335 4073 369 4137 in
383 4097 447 4160 qua
460 4097 575 4139 excusa
588 4084 661 4138 sunt
676 4072 765 4160 signa
778 4071 900 4136 malleo.
941 4069 1097 4134 Convenit
1110 4070 1173 4158 boc

127 4160 184 4226 arti
199 4161 297 4225 etiam
311 4161 415 4226 minus
428 4162 556 4236 doctae3
568 4173 711 4312 potuere
723 4158 829 4247 sigilla
847 4157 1040 4222 diversorum
1063 4157 1171 4224 metal.

590 4271 612 4327 ¹2

128 4245 229 4311 lorum
260 4245 440 4334 singulatim
492 4271 566 4313 rocu
639 4262 670 4313 et
693 4246 822 4312 occultis
846 4241 981 4330 hamulis
1006 4267 1057 4320 ac„
1066 4243 1171 4311 fibulis

124 4331 234 4422 jungi:
260 4347 391 4421 potuere
406 4333 463 4420 sigi
519 4333 648 4400 diversis
662 4333 793 4400 laminae
812 4329 887 4397 locis
901 4329 933 4397 iu
949 4330 1112 4416 superficie
1126 4331 1171 4396 af,

859 2598 1088 2697 eationioperis
1102 2611 1168 2664 erat
1278 2655 1280 2660 ,
