2998 5052
339 405 406 475 ,384
453 457 460 470 .
708 403 1016 468 HERMANNI'

340 574 525 666 particulam
551 576 579 640 δέ
604 575 742 654 extendi,
769 575 811 640 Il.
833 581 864 639 P.
891 579 964 642 520.
990 597 1075 664 seqq.
1102 597 1165 639 non
1193 588 1241 640 est
1264 597 1365 639 verum.

341 661 425 730 Nam
439 662 533 727 etiam
548 662 609 727 Od.
623 665 660 729 Ξ.
676 661 728 728 65.
744 663 907 742 habemUS,
923 662 949 737 ός
964 669 989 726 οί
999 663 1094 726 πολλοὶ
1109 662 1228 743 κοίμησι,
1238 662 1289 736 θεὸς
1302 663 1320 724 δ’
1334 661 1365 722 ἔτι

341 749 421 838 ἔργον
443 749 518 836 ἀέέη.
563 749 750 836 Eodemque
771 748 880 813 referri
901 749 1016 836 poterit
1032 749 1071 813 11.
1090 755 1128 812 K.
1144 727 1217 813 ³60.
1241 751 1275 822 τίς
1295 749 1313 810 δ’
1333 743 1366 809 ότι

327 834 545 924 ..καρχαρόδοντε
568 836 620 899 δύοο
643 837 715 914 κύνε,
731 836 812 898 εἰδότε
829 836 915 920 θήρης,
930 835 945 914 ἢ
961 836 1057 917 κεμάδ’
1073 836 1102 914 ἠὲ
1118 837 1231 919 λαγωὸν
1246 832 1366 918 ἐπείγετον

340 923 452 1004 έμμενές
468 923 519 984 aiei
533 931 626 1008 χῶρον
640 924 682 985 ἀν’
698 922 798 998 ὑλήενθ’
802 944 809 958 ·
824 926 837 983 ό
852 921 879 983 δέ
894 948 926 984 τε
940 921 1066 1009 προόέησι
1082 921 1223 1003 μεμηκώς.
1269 921 1367 996 Quam·

340 1031 437 1096 quam
451 1007 595 1072 dubitare
609 1030 659 1071 me
673 1007 785 1086 fateor,
801 1029 842 1070 au
856 1007 950 1072 etiam
969 1019 1041 1094 post
1059 1006 1264 1072 indicativum
1277 1003 1368 1068 inferri

338 1094 557 1182 conjunctivus
571 1093 676 1180 possit
722 1096 816 1157 Certe
829 1093 863 1156 iu
876 1092 930 1168 illo
943 1092 1022 1172 loco,
1039 1093 1078 1157 11.
1091 1098 1130 1156 N.
1148 1096 1220 1161 703.
1237 1094 1302 1155 ἀλλ’
1315 1088 1368 1152 ὥστ’

340 1184 368 1244 έν
382 1187 441 1265 νειῷ
450 1181 500 1260 βόε
515 1178 602 1244 οίνσπε
616 1181 718 1258 πηκτόν
733 1179 847 1267 ἄροτρον
860 1179 921 1244 ίσον
935 1181 1015 1262 όιιμόν
1031 1178 1128 1265 ἔχοντε
1140 1179 1300 1244 τιταίνετον·
1313 1175 1370 1258 ἀμφί

339 1263 432 1352 δ’ἀρα
447 1283 510 1342 σφιν
524 1270 682 1351 πρυμνοῖσιν
704 1267 837 1354 κερόεσσι
858 1267 943 1342 πολύς
965 1265 1107 1344 ἀνακηκίει
1127 1265 1219 1350 ίδροος·
1239 1263 1279 1328 cci
1291 1261 1335 1346 μέν
1346 1286 1369 1323 τε

341 1353 423 1439 ζυγόν
438 1351 491 1415 οίον
506 1349 595 1430 ἐύξοον
609 1353 695 1435 ἀμφίς
716 1355 816 1437 ἐέργει,
834 1353 928 1436 ίεμένοο
943 1357 1021 1415 κατὰ
1035 1349 1126 1415 ἀλκα·
1142 1356 1222 1435 τεμεῖ
1234 1350 1263 1414 δέ
1276 1375 1305 1412 τε
1317 1347 1369 1412 τέλ-

339 1462 388 1501 σον
403 1439 527 1526 ἀρούρης,
542 1437 597 1502 ubi
616 1461 673 1502 nec
690 1442 770 1520 τεμεῖ
790 1461 846 1502 nec
868 1439 958 1520 τέμνει
980 1437 1056 1501 ferri
1071 1450 1187 1536 potest,
1203 1461 1245 1502 ex
1259 1433 1370 1499 scholia

339 1535 458 1588 starum
479 1523 733 1589 adnotationibus
754 1523 881 1623 colligas
901 1523 1080 1611 fuissc,qu1
1101 1528 1171 1609 rspj,
1190 1523 1334 1610 legerent,
1350 1518 1371 1581 is

339 1624 377 1674 ut
398 1622 478 1674 esset
499 1610 716 1698 conjunctivus
734 1610 840 1674 coristi
858 1609 987 1674 secundi
1001 1600 1133 1698 passivi:
1158 1633 1255 1696 quam
1270 1606 1371 1695 opinio

341 1718 413 1760 nem
436 1696 621 1784 priusquam
643 1697 715 1783 quis
736 1711 773 1761 ut
794 1696 964 1761 absurdam
990 1696 1119 1783 rejiciat,
1134 1709 1273 1784 reputet.
1283 1692 1371 1768 velim,

339 1805 421 1868 quae
435 1805 494 1870 pro
508 1807 545 1847 ea
558 1783 619 1847 dici
636 1782 766 1870 possint.
813 1783 889 1846 Alia
909 1781 996 1846 modi
1018 1782 1151 1846 mutatio
1170 1795 1218 1846 est
1235 1782 1269 1846 iu
1281 1780 1326 1844 his
1339 1776 1370 1841 Il.

307 1872 311 1879 ’
339 1873 378 1931 0.
394 1871 446 1932 80.
465 1872 501 1943 τίς
516 1871 537 1932 δ’
553 1869 591 1933 ἀπ’
606 1867 640 1932 ἀν
657 1871 720 1956 ἀίξη
741 1870 797 1944 νόος
817 1869 919 1954 ἀνέρος,
941 1868 968 1943 ός
981 1871 1008 1931 τ’
1024 1870 1066 1932 έπί
1088 1873 1195 1945 πολλὴν
1217 1871 1303 1952 γαῖαν
1323 1870 1372 1941 ἐλη-

339 1953 450 2031 λουόάς,
478 1956 555 2041 φρεσί
581 1955 770 2041 πευκαλίμῃσι
797 1956 887 2042 νοῆση,
916 1955 962 2019 ἔνθ’
989 1953 1035 2033 ἤην
1062 1955 1136 2039 (hoc
1162 1954 1308 2041 vulgatae
1323 1949 1372 2025 ¹sip

336 2039 578 2126 praeferendum
593 2040 733 2125 videtur)
748 2040 763 2118 ἢ
780 2041 850 2104 ἔνθα
865 2040 1027 2121 μενοινήσειέ
1045 2067 1076 2105 τε
1097 2041 1202 2103 πολλοί.
1250 2037 1372 2102 Wolfius

338 2149 379 2190 ex
403 2126 580 2191 Aristarchi
607 2125 758 2190 sententia
784 2124 883 2190 edidit
907 2127 1076 2212 μενοινῆησιε
1105 2125 1161 2189 sed
1185 2149 1288 2213 quum
1310 2124 1372 2187 haec

338 2225 446 2300 aperte
467 2213 617 2277 correctio
639 2211 689 2290 sit,
705 2235 742 2274 eo
756 2211 825 2310 ipso
843 2212 986 2290 efficitur,
1003 2226 1040 2276 ut
1061 2236 1081 2275 a
1101 2224 1195 2298 poeta
1211 2211 1372 2299 optativum

337 2297 515 2384 profectum
530 2299 705 2378 credamus,
720 2321 776 2384 qur
790 2298 887 2363 habet
900 2297 1045 2362 idoneam
1064 2298 1229 2374 rationem,
1246 2298 1272 2361 si
1286 2297 1325 2360 sic
1337 2295 1373 2357 in-

339 2383 472 2472 telligas,
486 2395 521 2449 at
534 2387 631 2448 subito
648 2386 794 2448 transulit
808 2407 892 2448 mena
905 2386 972 2462 oiri,
988 2385 1039 2469 qui
1052 2385 1156 2448 maltis
1169 2385 1321 2448 itineribus
1333 2403 1372 2444 ea·

340 2471 450 2534 cans
464 2472 587 2558 cogitet,
603 2469 712 2553 ticjitt
725 2471 774 2534 vel
786 2471 869 2535 illic.-
887 2471 1041 2556 possitque
1055 2471 1152 2534 molto
1167 2472 1310 2555 cogitare.

384 2557 447 2621 Sed
471 2557 565 2621 semel
585 2569 671 2621 mota
685 2555 866 2644 quaestione
887 2557 927 2622 de
947 2557 1120 2621 mutatione
1134 2556 1302 2620 modorum
1322 2576 1372 2617 non

382 2655 442 2707 test
456 2643 566 2730 regula
579 2642 797 2730 praetermitti,
812 2666 908 2729 quam
925 2642 1130 2707 Thierschius
1144 2666 1176 2730 p.
1190 2645 1264 2708 185.
1280 2654 1373 2730 protu-

349 2727 387 2806 it,
402 2743 474 2816 post
488 2728 674 2817 particulam
690 2730 717 2792 δέ
732 2751 846 2793 novam
861 2729 982 2793 institui
1000 2743 1191 2793 structuram
1206 2752 1307 2816 posse,
1321 2749 1372 2790 non

338 2814 431 2879 etiam
451 2829 523 2903 post
542 2815 581 2879 τέ.
627 2814 724 2880 Unde
739 2814 791 2879 ille
808 2821 843 2878 B.
854 2818 926 2885 149.
943 2839 983 2880 ex
998 2815 1066 2879 cod.
1084 2815 1208 2879 Tovnl.
1226 2815 1272 2878 ἐπί
1284 2819 1308 2877 τ’
1321 2813 1372 2892 ἦμό

341 2901 400 2986 (ita
421 2902 561 2987 volebat)
577 2902 787 2987 ἀσταχύεσσιν,
810 2905 851 2965 Θ.
868 2904 941 2965 340.
965 2902 1141 2985 ἑλισσόμενον
1164 2903 1191 2964 δὲ
1214 2901 1323 2978 δοκεύει,
1342 2903 1371 2962 Λ.

340 2987 415 3053 156.
437 2990 525 3076 πάντη
541 2992 574 3067 δ’,
594 3003 626 3053 et
644 3011 675 3075 p.
692 2991 743 3052 20.
768 2987 828 3053 od.
844 2992 884 3051 Ω.
900 2992 929 3052 8.
954 2987 1087 3074 ἔχωνται,
1110 2988 1260 3074 quoniam
1282 2983 1373 3074 paullo

339 3088 412 3138 ante
436 3074 598 3152 ποτέονται,
620 3074 648 3138 ei
670 3073 824 3162 placebat,
848 3073 1047 3138 scribendum
1067 3086 1179 3138 censet.
1224 3077 1275 3138 At
1295 3072 1373 3157 longe

338 3159 460 3226 aliaest
474 3161 564 3240 ratio,
580 3185 645 3248 qua
665 3161 779 3226 harum
799 3184 875 3224 usus
895 3160 1123 3259 particularum
1137 3161 1170 3224 in
1185 3157 1373 3248 comparatio

339 3246 432 3310 nibus
446 3249 631 3312 continetur.
677 3247 806 3312 Etenim
820 3249 863 3324 τὲ,
879 3271 943 3312 slve
958 3246 1053 3326 idem,
1070 3247 1133 3310 sive
1148 3246 1228 3310 alius
1247 3245 1373 3333 sequitur

338 3332 426 3396 verbi
448 3334 572 3411 modus,
588 3334 673 3398 hunc
695 3357 789 3398 usum
810 3347 958 3422 praestat,
975 3346 1013 3407 ut
1030 3346 1135 3421 partes
1149 3328 1372 3420 comparationis

338 3417 510 3504 conjungat
524 3441 586 3496 eas,
602 3442 684 3505 quae
699 3419 818 3483 nullam
832 3419 914 3485 inter
928 3443 960 3484 se
973 3419 1201 3507 oppositionem
1216 3418 1371 3490 continent,

340 3503 395 3568 sed
410 3516 534 3568 tantum
556 3503 616 3568 alia
637 3505 689 3569 alii
711 3505 872 3570 accedunt
897 3505 937 3570 Il.
953 3511 990 3569 Γ.
1006 3509 1058 3570 33.
1074 3509 1110 3580 αίς
1125 3507 1146 3568 δ’
1162 3504 1206 3568 ότε
1219 3505 1264 3580 τίς
1277 3531 1307 3567 τε
1321 3502 1371 3586 δροί-

339 3615 426 3654 κοντα
448 3591 507 3654 tter
528 3591 692 3678 παλίνορσος
714 3589 821 3670 ἀπέστη
837 3589 925 3704 οὔρεος
940 3597 967 3655 έν
981 3592 1099 3678 βῆσσης,
1115 3589 1165 3654 ι’ίπο
1180 3616 1212 3652 τε
1226 3591 1322 3676 τρόμος
1336 3586 1371 3648 ἔλ-

339 3679 414 3756 λαβε
435 3680 516 3760 γυῖα,
539 3677 583 3753 aida
602 3680 627 3740 τ’
651 3679 837 3776 ἀνεχώρησεν,
860 3677 952 3763 οοχρός
974 3677 1005 3739 τέ
1026 3702 1073 3757 μιν
1095 3677 1151 3740 εἷλε
1173 3678 1295 3759 παρειάς.
1337 3673 1369 3735 A?

339 3774 446 3825 autem
467 3761 517 3854 vel
538 3763 727 3850 oppositioni
748 3763 887 3842 inservit,
903 3776 941 3827 ut
955 3760 1077 3828 Ε.,136.
1092 3759 1164 3826 ὥστε
1183 3763 1294 3840 λέοντα,
1308 3755 1371 3845 όνρό

339 3873 371 3911 τε
384 3852 483 3932 ποιμὴν
497 3853 578 3934 ἀγρῷ
594 3851 634 3910 ἐπ’
651 3850 796 3937 εἰροπόκοις
811 3851 914 3913 ὀίεσσιν
927 3848 1044 3936 χραύση
1058 3848 1149 3931 μέντ’
1164 3852 1250 3923 αύλῆς
1265 3845 1370 3933 ύπερόλ-

339 3961 429 4017 μενον,
444 3935 502 3997 οὐδὲ
517 3935 661 4022 δαμόσση·
676 3941 726 3997 τοῦ
741 3934 792 4016 μέν
805 3962 837 3999 τε
851 3935 942 4009 σθένος
957 3933 1054 4020 ὦρσεν,
1067 3933 1163 3997 ἔπειτα
1177 3933 1205 3996 δέ
1218 3935 1245 3996 τ’
1257 3938 1286 3997 ού
1299 3953 1370 4017 προσ-

340 4021 450 4103 αμύνει,
476 4025 556 4084 ἀλλὰ
580 4025 655 4083 κατοὶ
681 4022 818 4102 σταθμοὺς
841 4021 943 4099 δύεται,
966 4023 1005 4083 τοὶ
1027 4022 1048 4082 δ’
1073 4023 1162 4108 ἐρῆμα
1182 4023 1314 4100 φοβεῖται.
1335 4019 1368 4078 Π.

340 4109 413 4188 299.
435 4110 469 4180 νίς
484 4108 506 4168 δ’
521 4105 559 4169 ἀπ’
576 4109 622 4188 ἀφ’
637 4108 743 4183 ὑψηλῆς
766 4112 881 4191 κορυφῆς
904 4106 975 4193 όρεος
996 4106 1135 4190 μεγάλοιο
1158 4106 1251 4191 κινῆση
1273 4105 1369 4177 πυκινὴν

339 4193 450 4275 νεφέλην
464 4191 687 4302 στεροπηγερέτα
702 4191 780 4266 Ζεύς’
796 4191 826 4255 έν
841 4195 866 4255 τ’
882 4193 975 4268 έφανεν
988 4197 1079 4256 πᾶσαν
1093 4192 1208 4254 σκοπιαί
1229 4192 1275 4255 καί
1296 4187 1368 4273 πρύν-

340 4303 380 4350 νες
406 4276 445 4342 όίκ
464 4304 499 4351 οι,
524 4280 571 4340 καί
598 4302 692 4341 ναπαι·
720 4277 855 4364 οὐρανόθεν
881 4279 902 4339 δ’
924 4277 967 4365 ἄρ’
992 4283 1041 4340 ύπε
1073 4277 1132 4364 όιγη
1155 4274 1273 4350 ἀσπεπος
1296 4272 1366 4354 αίίίην·

341 4361 400 4426 Vel
421 4304 463 4426 ad
483 4362 721 4428 declarationem
743 4363 996 4452 praecedentium
1052 4285 1190 4440 iibetur,
1207 4373 1243 4424 ut
1257 4367 1290 4428 B.
1305 4360 1366 4422 455.
