2998 5052
484 371 552 472 an
576 405 725 472 mmo.
749 409 788 470 o.
1096 407 1157 471 an

122 578 217 640 umen
232 588 352 641 veteres
366 573 410 640 illi
424 575 499 656 sint,
515 577 603 642 haud
616 578 818 653 memoravit3
843 577 929 664 quod
949 589 1054 644 tamen
1068 573 1160 643 avide

122 663 324 750 expectabam.
370 665 445 729 Non
466 661 574 754 itaque
595 664 692 730 miror
706 663 888 732 Ernestinm
903 665 952 730 his
966 663 1097 753 aliisque
1110 687 1159 730 ar-

122 749 270 838 gumentis
452 751 657 818 tribuendum
693 775 758 819 esse
793 764 980 835 censentem,
1009 751 1161 820 nonnulla

120 858 240 922 quoqne
262 859 296 901 re
310 837 466 902 ellentem.
510 838 649 903 Acutius
667 838 747 903 vidit
765 838 904 903 Wolfius
923 838 1100 925 Prolegom.
1123 862 1159 940 p.

124 923 287 988 CXXXV
310 947 355 1023 sq.
379 925 563 992 sententiam
586 948 652 990 esse
677 925 772 990 latam
794 947 903 989 caussa
922 925 1063 989 nondum
1086 938 1159 990 satu

121 1008 255 1096 cognita3
268 1035 313 1074 »se
333 1033 438 1097 ipsum
461 1027 586 1076 sensum
607 1012 742 1077 eundem
763 1011 920 1091 habuisse,
936 1034 993 1076 nec
1011 1010 1106 1075 modo
1123 1011 1158 1076 in
1289 1067 1293 1076 .

121 1095 175 1159 hoc
188 1095 278 1176 libro,
294 1097 348 1161 sed
363 1097 456 1162 etiam
475 1097 509 1161 in
527 1121 582 1162 sex
601 1098 765 1183 postremis
788 1098 906 1163 Iliados
925 1097 1109 1197 rhapsodiis,
1125 1097 1158 1163 in

120 1182 229 1270 quibus
250 1183 325 1250 talia
346 1184 501 1270 quaedam
523 1207 685 1248 occurrere
704 1184 835 1260 videret,
850 1208 942 1276 quae,
965 1185 1024 1250 msi
1045 1183 1078 1249 in
1099 1185 1159 1250 hac
1199 1203 1202 1212 “

122 1291 277 1358 compage,
303 1270 413 1334 sedin
437 1271 577 1360 Hymnis
601 1271 792 1358 legerentur,
817 1271 941 1336 dudum
965 1271 1007 1336 ab
1030 1269 1161 1337 eruditis

119 1354 189 1419 viris
202 1357 326 1422 detecta
339 1370 371 1422 et
385 1357 600 1422 animadversa
613 1357 753 1422 fuissent.
794 1356 958 1422 Praeclare
970 1357 1066 1423 haec!
1091 1358 1160 1445 qui-

119 1441 176 1506 bus
189 1444 336 1531 equidem
349 1445 427 1508 haec
440 1443 634 1523 addideram,
649 1458 682 1508 et
697 1468 747 1510 me
762 1467 887 1509 sensum
900 1444 986 1509 hunc
1002 1443 1158 1526 habuisse,

119 1542 148 1592 et
161 1552 283 1596 mecum
297 1529 456 1610 aliusnon
470 1553 546 1596 vero
567 1531 661 1596 modo
680 1531 714 1595 in·
735 1555 789 1596 sex
808 1530 972 1620 postremis
990 1529 1087 1611 libris,
1104 1531 1159 1596 sed

115 1637 171 1765 per
186 1629 289 1682 totum
304 1640 430 1682 carmen
439 1631 462 1682 ².
497 1616 572 1681 Non
585 1617 811 1705 praevideram,
827 1617 930 1682 virum
944 1617 1157 1692 doctissimum

40 1741 41 1746 κ
136 1726 172 1767 oc
188 1703 221 1768 in
240 1718 307 1769 tam
324 1703 437 1768 malam
457 1717 579 1804 partem
598 1703 875 1792 interpretaturum
894 1727 970 1784 esse,
991 1716 1038 1783 ut,
1057 1703 1159 1768 omnis

118 1789 206 1854 officii
226 1803 260 1854 et
281 1790 526 1869 necessitudinis,
543 1813 624 1877 quae
644 1791 726 1854 inter
747 1813 804 1855 nos
825 1802 902 1870 erat,
920 1789 1092 1869 immemor,
1112 1789 1160 1854 in-

117 1874 216 1964 dignis
230 1877 333 1942 modis
346 1877 379 1940 in
399 1900 450 1941 me
470 1875 649 1954 inveheret3
673 1877 731 1964 qui
751 1878 831 1943 bene
852 1891 953 1956 norat,
968 1899 1019 1941 me
1032 1899 1160 1966 qnoque

116 1961 147 2025 in
163 1966 307 2029 Homero
325 1962 562 2052 interpretando
579 1987 636 2052 per
657 1964 774 2029 multos
792 1987 890 2029 annos
904 1975 1062 2028 versatum
1072 1953 1158 2044 esse,

116 2047 209 2138 idque
219 2051 289 2138 jam
301 2049 334 2114 in
350 2049 460 2115 Iliadis
472 2049 522 2114 ed.
562 2073 586 2114 r.
604 2052 689 2118 1785
703 2052 833 2139 praefat.
873 2051 940 2115 .X.
955 2050 1022 2138 ipae
1036 2049 1161 2137 publice

115 2134 352 2224 significaverat,
364 2159 436 2237 cum
451 2136 524 2236 equi
547 2159 597 2201 em
611 2159 714 2224 neque
727 2075 982 2203 anteceddntibus
996 2159 1099 2224 neque
1113 2137 1160 2201 in-

116 2224 319 2310 sequentibus
332 2247 421 2288 annrs
435 2245 604 2311 qrncquam
619 2223 659 2288 de
673 2224 749 2289 meis
763 2223 897 2289 consiliis
939 2223 1041 2290 ublice
1054 2223 1162 2288 memi-
1286 2241 1291 2248 ·

115 2309 243 2386 nissem3
259 2309 421 2406 probabile
434 2311 543 2398 itaque
556 2324 623 2378 erat
636 2323 669 2374 et
682 2311 785 2376 mede
798 2311 848 2376 his
857 2309 920 2375 deli
960 2333 1056 2386 rasam
1073 2309 1161 2397 quod

116 2396 331 2550 iffi‘ifioem'
346 2421 410 2463 non
424 2413 574 2550 eraffiur
588 2398 807 2549 snspiffiur,
821 2421 873 2548 pte
884 2395 916 2548 [qi
928 2397 1055 2548 laquplr
1073 2418 1162 2461 suam

845 2508 855 2547 1
1090 2505 1163 2547 uae-

115 2506 182 2636 srisle
195 2509 294 2654 ildleebe,
307 2498 467 2638 iilddiebilnre
480 2508 684 2636 vellffltliiel
702 2576 741 2635 τὰ
759 2508 810 2655 pilli
826 2507 1013 2659 apsareildigedar
1033 2507 1161 2650 lddopev,

113 2659 268 2744 ἀχνύμενοί
277 2686 337 2746 περ.
362 2657 495 2724 snb'icit
505 2657 655 2724 diotisvir
666 2656 862 2738 doctissimus
872 2681 903 2745 p.
915 2657 1161 2723 CXXXVIII.

115 2751 137 2784 ‘⁴
151 2745 193 2810 de
207 2746 259 2811 his
273 2759 305 2812 et
319 2745 387 2810 aliis
405 2682 550 2833 pluribus
563 2744 789 2832 disputandum
805 2743 863 2809 erit
880 2742 956 2809 alias
970 2741 1160 2830 singulatim,

116 2837 138 2870 “
153 2844 186 2896 et
199 2832 408 2898 intentissima
420 2853 507 2910 eura,
520 2855 585 2929 qna
598 2849 647 2894 res
662 2843 749 2896 tanta
762 2830 860 2918 digna
873 2832 948 2894 est.”
970 2829 1075 2894 Verba
1087 2851 1163 2916 pru-

115 2916 203 2982 denti
219 2930 254 2983 et
270 2931 362 2983 acuto
384 2916 490 2982 critico
512 2918 626 3004 digna!
666 2919 779 2982 Manet
800 2917 828 2981 ei
849 2938 906 3004 per
927 2938 978 2980 me
999 2937 1092 2980 omne
1108 2915 1163 3001 jus

113 3002 211 3069 hn‘us
234 3004 455 3092 disputationis
476 3003 653 3091 integrum
677 3003 744 3067 fieri
767 3003 849 3068 enim
870 3013 1069 3101 nontpotest,
1084 3000 1163 3088 quin

111 3029 273 3157 andtilitas
288 3090 445 3173 doctrinae
460 3103 492 3155 et
505 3089 633 3178 ingenii,
646 3112 728 3177 quae
741 3089 774 3154 in
789 3113 827 3154 eo
841 3101 898 3168 est,
910 3087 1000 3153 ahaa
1011 3110 1061 3152 me
1076 3099 1108 3152 et
1118 3087 1163 3152 -ab

113 3175 182 3242 aliis
195 3177 289 3268 haud
301 3176 517 3243 animadversa
530 3177 563 3241 in
578 3176 717 3241 medium
731 3177 878 3264 proferat
902 3177 975 3264 Eg'o
989 3173 1071 3239 enim
1086 3171 1165 3238 nihil

111 3263 290 3352 pronuntio
314 3278 465 3352 tanquam
490 3263 564 3328 satis
584 3262 801 3350 exploratum
824 3261 884 3327 hoc
907 3261 974 3327 aio:
998 3259 1165 3326 dubitandi

111 3350 256 3436 rationes
268 3373 334 3416 esse
353 3349 427 3416 satis
446 3348 571 3430 multas,
586 3348 620 3414 in
638 3349 820 3431 alterutram
838 3361 945 3414 autem
962 3359 1166 3438 partemsta-

112 3437 229 3503 tuendi
254 3456 377 3502 caussas
395 3438 499 3538 justas
519 3435 597 3502 mihi
618 3435 747 3524 quidem
768 3436 856 3501 haud
877 3447 1052 3535 suppetere.
1098 3433 1165 3498 Viri

112 3523 228 3614 itaque
243 3523 412 3590 doctissimi
427 3522 681 3612 disputationem,
697 3545 762 3612 qua
774 3521 875 3588 omnis
888 3520 1072 3609 dssceptetio
1085 3519 1168 3608 peri-

111 3624 236 3711 metur,
253 3609 343 3711 avide
359 3622 514 3698 exspecto.
559 3611 633 3709 Ego
653 3631 691 3673 ea
712 3620 835 3674 tantum
857 3629 942 3672 nunc
963 3607 1168 3706 affero,·quae

111 3693 986 3868 tuirstatt,
1000 3693 1168 3878 titt

111 3871 257 3970 quioraq
275 3891 361 3970 nunc
373 3869 508 4024 fluidam
532 3866 572 3936 de
592 3881 750 3960 postrema
770 3865 956 3958 rhapsodia3
980 3866 1021 3932 de
1041 3865 1169 3958 rehqurs

111 3953 544 4132 1¹gellleiliffipiiiiilisileuuiilsdin
557 4039 617 4108 hac
633 4040 779 4108 universa
795 4039 952 4128 judicium
967 4048 1108 4138 veterum
1121 4058 1170 4102 re-

108 4131 226 4225 perire
247 4129 337 4222 potui
359 4127 502 4205 nullum
526 4149 599 4194 narn
618 4126 705 4218 quod
720 4125 966 4218 Aristophanem
985 4136 1018 4190 st
1031 4125 1171 4222 Anates·

142 4273 161 4317 ἰ
178 4299 205 4330 v.
225 4283 338 4344 arsag.
354 4277 546 4342 coemam
559 4281 629 4330 nas.
662 4275 805 4344 jactura
830 4285 856 4327 ee
881 4277 1034 4327 naama
1058 4275 1172 4327 ussa

454 4493 457 4500 ·
727 4495 748 4537 n
