2998 5052
322 374 387 442 272
540 369 795 436 EXCURSUS
820 371 868 435 11.
901 368 1073 450 SECTLO¹
1093 369 1152 432 1v.

320 544 424 611 cunde
438 529 548 610 'elicere
569 545 670 633 potui,
687 567 743 609 nec
766 545 845 609 bene
866 543 1010 609 convenit
1024 541 1078 606 illa
1091 563 1165 606 cum
1180 537 1311 626 antiqua
1323 531 1368 600 l'a-

322 656 391 697 ma:
415 654 472 719 per
493 631 676 720 rhapsodias
698 631 836 719 singulas
857 631 1021 696 decantata
1041 629 1180 717 primum
1198 625 1316 691 Iliados
1337 636 1368 688 et

322 719 375 785 Od
398 741 482 784 aseae
496 718 751 784 carminafuisse.
810 759 812 766 ›

333 819 338 830 ’
365 743 535 871 lideamur
558 806 689 870 modum
711 804 906 893 probabilem
927 803 1065 883 tertium,
1084 825 1149 889 quo
1169 799 1246 864 Ilias
1266 795 1368 863 enasci

320 892 470 979 potuerit,
498 893 523 956 si
594 905 699 971 natur,
726 894 870 974 primitas
895 890 1031 968 carmina
1060 887 1237 986 antiquiora
1254 884 1368 984 plura,

322 989 404 1065 quae
433 978 548 1066 rhapso
572 979 672 1042 'arum
701 977 826 1042 nomine
855 1001 922 1042 mos
951 989 984 1042 et
1012 998 1088 1041 usus
1117 974 1288 1061 insignivit,
1320 993 1369 1034 ea·-

323 1066 423 1129 titr'sse
444 1067 579 1152 singula,
602 1069 756 1150 amansque
776 1065 925 1151 ingeniosi
946 1064 1074 1128 hominis
1095 1083 1186 1146 opera
1206 1061 1239 1124 in
1262 1080 1370 1141 corpus

322 1171 387 1215 esse
415 1152 551 1216 collecta.
607 1151 716 1216 Primo
747 1151 891 1216 convenit
918 1151 978 1215 hoc
1008 1171 1082 1214 cum
1112 1147 1242 1234 antiqua
1272 1145 1368 1222 fama,

322 1260 404 1324 quae
426 1237 607 1326 rhapsodias
629 1237 767 1326 singulas
788 1237 862 1302 olim
884 1237 1006 1303 habitas
1024 1249 1056 1301 et
1074 1235 1217 1301 recitatas
1238 1256 1304 1297 esse
1328 1231 1369 1295 ad

365 1323 535 1388 steritatem
556 1325 712 1412 prodidit:
736 1324 777 1388 de
791 1349 856 1412 qua
870 1326 1073 1389 actum'Sect.
1091 1323 1160 1387 III.
1206 1320 1368 1384 Firmatur

321 1347 397 1474 biiec
411 1411 497 1476 fama
517 1410 554 1475 iis
572 1411 650 1499 ipsis
692 1433 751 1476 uae
767 1411 800 1474 in
826 1410 926 1476 Iliade
948 1425 979 1476 et
997 1410 1141 1498 Odyssea
1156 1421 1370 1471 memorantur

322 1496 362 1560 de
383 1497 571 1562 carminibus
594 1436 723 1598 singuqlis
744 1497 879 1562 recitatis
900 1522 920 1562 a
940 1497 1051 1586 poetis,
1070 1509 1102 1560 et
1124 1494 1252 1582 quidem
1273 1497 1369 1580 argu-

321 1583 419 1647 menti
439 1607 478 1648 ex
500 1585 594 1649 rebus
618 1584 722 1650 Iliacis
742 1584 832 1672 petiti
855 1608 954 1672 eoque
974 1582 1099 1671 cognati
1114 1597 1146 1646 et
1160 1579 1310 1668 congrui;
1323 1621 1324 1628 κ
1337 1579 1368 1642 in

323 1669 436 1757 Odyss
454 1676 490 1734 A.
508 1670 760 1740 assertam.
785 1695 805 1735 a
826 1671 969 1750 Phemio,
984 1683 1053 1734 tum
1073 1669 1187 1757 Odyss.
1204 1673 1244 1732 Θ.
1262 1665 1304 1734 76
1322 1690 1367 1752 sq.

323 1759 387 1826 489
410 1779 454 1843 sq
479 1761 543 1828 499
558 1781 605 1846 sq.
628 1756 692 1825 567
715 1781 759 1844 sq.
782 1757 822 1822 de
845 1757 961 1846 Ulysse
984 1781 1003 1821 a
1024 1754 1208 1820 Demodooo
1230 1753 1371 1818 carmina

321 1842 476 1929 ejusmodi
499 1867 554 1909 seu
579 1843 764 1931 rhapsodiae
788 1844 969 1908 decantatae
995 1852 1219 1907 memorantur.
1265 1841 1371 1904 Tene

322 1951 393 1992 mus
418 1929 525 2016 itaque
546 1953 665 1995 morem
686 1929 888 2018 antiquorum
910 1930 1093 2004 hominum;
1117 1950 1245 2016 prorsus
1266 1926 1371 1990 famae

322 2014 468 2101 antiquae
482 2030 743 2091 consentaneum
768 2018 966 2104 eundemque
980 2039 1037 2105 per
1051 2016 1144 2104 plura
1161 2012 1284 2078 saecula
1297 2035 1372 2077 con-

323 2101 491 2182 tinuatum,
514 2103 608 2167 etiam
628 2116 700 2190 post
723 2127 761 2167 ea
784 2118 935 2191 tempora,
958 2103 1074 2190 quibus
1093 2103 1161 2190 jam
1175 2099 1319 2166 'Iliadem
1340 2113 1370 2164 et

297 2195 299 2202 ’
323 2188 496 2276 Odysseam
512 2203 713 2254 memoratam
724 2189 866 2278 legimus.
911 2190 1067 2255 Convenit
1081 2211 1176 2276 porro
1189 2211 1239 2252 res
1252 2181 1371 2274 ingenii

305 2287 309 2293 “
322 2274 452 2339 humani
463 2274 571 2355 indoli,
583 2275 723 2356 modulo,
735 2275 826 2356 mori,
840 2289 876 2341 ut
891 2301 910 2341 a
925 2276 1054 2364 singulis
1067 2273 1240 2364 procedant
1253 2273 1374 2353 omnia,

322 2361 403 2427 seriu
442 2361 574 2428 ue'colli
615 2375 691 2428 ntur
712 2361 823 2428 similia
837 2376 869 2428 et
882 2387 920 2428 co
963 2363 1062 2427 atain
1075 2385 1175 2426 unum
1193 2383 1329 2448 corpus;
1353 2385 1372 2424 a

299 2453 304 2462 ’
321 2448 424 2528 conati
446 2471 484 2514 us
498 2386 645 2515 tenuffius
659 2450 880 2538 progredimur
895 2387 1081 2537 adnmajora
1098 2472 1157 2536 pro
1197 2446 1245 2510 nsi
1259 2469 1372 2512 sumus

321 2549 436 2600 natura
456 2536 497 2600 ad
517 2551 627 2635 'sparsa
647 2537 680 2600 in
703 2560 799 2601 unam
821 2537 996 2626 congeriem
1014 2535 1145 2623 colligen
1169 2557 1199 2614 a,
1217 2533 1259 2596 ad
1279 2557 1370 2600 revo-

322 2621 437 2686 candas
460 2623 642 2708 species'ad
667 2647 767 2710 genus
792 2647 897 2706 suum,
919 2635 1025 2712 partes
1048 2622 1088 2686 ad
1112 2634 1236 2696 totum;
1260 2635 1371 2686 contra

321 2728 397 2772 vero
418 2731 534 2795 ponere
555 2721 658 2773 totum
681 2709 819 2797 aliquod,
834 2711 926 2798 cujus
943 2733 982 2775 ne
1001 2733 1067 2774 una
1085 2708 1212 2796 quidem
1227 2729 1301 2794 pars
1316 2708 1372 2772 ad-¹

322 2793 385 2857 buc
397 2793 548 2874 innotuit,
563 2796 604 2860 ab
618 2795 757 2860 humano
770 2797 897 2884 ingenio
916 2808 963 2862 est
982 2796 1127 2861 alienum.
1173 2795 1247 2858 Hoc
1260 2793 1372 2881 itaque

321 2880 396 2944 fieri
408 2881 524 2968 potuit,
540 2893 572 2947 et
594 2883 714 2948 factum
736 2907 801 2948 esse
821 2883 983 2971 probabile
1003 2884 1051 2962 fit,
1067 2904 1139 2947 cum
1159 2903 1294 2966 magnus
1310 2903 1372 2944 nu-

322 2989 427 3032 merus
441 2969 636 3056 singulorum
651 2969 823 3035 carminum
839 2970 1011 3035 communis
1028 2966 1205 3057 argumenti
1219 2966 1260 3030 de
1275 2967 1371 3052 rebus

324 3053 427 3119 Iliacis
451 3078 508 3143 per
533 3056 633 3121 multa
658 3057 780 3120 saecula
801 3057 916 3145 passim
937 3055 1066 3121 babitus
1083 3069 1118 3132 ¹et
1136 3052 1372 3118 recitationibus

298 3153 304 3224 J
321 3141 539 3228 frequentatus
554 3156 644 3222 esset,
659 3142 786 3207 tandem
800 3143 969 3231 aliquando
981 3142 1143 3230 ingenium
1158 3138 1289 3239 aliquod
1303 3140 1371 3205 feli-

322 3226 389 3290 cius
403 3251 441 3291 eo
454 3227 613 3293 devenisse
624 3240 661 3294 ut
671 3229 764 3317 plura
778 3229 932 3318 ejusmodi
946 3229 1082 3294 carmina
1092 3228 1205 3293 selecta
1216 3251 1252 3292 m
1267 3225 1368 3292 unuin

321 3311 382 3376 hcc
395 3337 509 3400 corpus
523 3315 729 3380 concinnaret.
754 3335 776 3342 ·’
1078 3373 1084 3382 .
1208 3339 1210 3344 ·
1267 3330 1273 3338 ’
1336 3361 1342 3366 -

300 3402 303 3408 ’
354 3399 566 3463 Probabilem
580 3400 756 3489 opinionem
780 3425 834 3486 seu
852 3402 1009 3490 judicium
1026 3425 1091 3466 esse
1106 3401 1182 3481 dixi,
1199 3401 1277 3489 quia
1290 3416 1369 3466 tem-

296 3495 297 3502 ’
321 3507 436 3572 porum
461 3485 645 3566 rationibus,
668 3488 769 3552 famae
792 3489 951 3577 antiquae,
976 3488 1176 3576 antiquorum
1201 3487 1367 3554 hominum

322 3571 393 3635 usui
420 3585 451 3636 et
475 3573 565 3653 mori,
580 3574 738 3662 ¹exemplis
759 3575 921 3655 similibus,
944 3588 1074 3639 naturae
1096 3575 1212 3662 ingenii
1236 3575 1367 3640 humani

295 3665 300 3682 ³
321 3681 371 3722 res
397 3659 549 3724 convenit.
595 3661 709 3749 Magni
735 3661 845 3750 utique
868 3661 985 3748 ingenii
1009 3659 1103 3725 etiam
1124 3661 1183 3727 hoc
1204 3661 1279 3741 fuit,
1302 3662 1369 3726 ani-

321 3744 527 3825 madvertere,
543 3760 590 3811 tot
603 3747 740 3812 carmina
753 3772 788 3813 ar
833 3749 930 3813 menti
943 3747 1026 3812 inter
1040 3771 1072 3812 se
1085 3748 1208 3835 cognati
1222 3771 1313 3834 posse
1326 3748 1367 3812 ¹in

295 3849 297 3852 ·
321 3854 504 3981 οοηιρῖιῇνεῐη
518 3832 656 3920 aliquam
669 3834 769 3932 proba
813 3858 862 3900 em
877 3834 961 3922 cogi;
978 3846 1222 3922 contextumque
1237 3834 1367 3922 aliquod

321 3917 453 4002 mirab'
481 3931 554 3982 c'um
578 3931 645 3984 a‘rte
670 3933 714 3984 rta
738 3922 899 4002 conficere,
923 3934 961 3985 ut
983 3943 1084 3985 unum
1105 3920 1233 4008 aliquod
1252 3919 1367 4008 corpus

321 4009 472 4094 tanquam
488 4015 608 4084 natum,
624 4008 829 4086 muscetum,
844 4006 924 4073 illud
938 4007 1038 4072 videri
1055 4020 1175 4095 posset3
1200 4007 1305 4095 potuit
1318 4019 1367 4072 ta

321 4096 394 4157 men
408 4091 477 4179 ipsa
490 4115 539 4156 res
553 4105 590 4156 eo
604 4092 729 4171 ducere,
745 4118 801 4182 per
822 4095 928 4182 plures
949 4106 1079 4159 conatus
1092 4107 1125 4158 et
1141 4093 1365 4181 experimenta,

298 4187 394 4245 'cum
417 4174 564 4266 rhapsodi
586 4179 795 4245 declamarent
814 4180 921 4269 plures
940 4180 1077 4269 junctim
1102 4180 1301 4280 rhapsodias;
1324 4194 1366 4245 -ut

288 4275 300 4290 “·
320 4265 420 4330 solent
434 4265 597 4330 hominum
607 4267 735 4332 inventa
748 4291 767 4332 a
780 4268 906 4332 tentatis
919 4268 1024 4332 minus
1037 4267 1183 4356 perfecus
1195 4266 1364 4355 procedere

320 4351 362 4418 ad
384 4351 506 4440 majora
523 4365 554 4418 et
575 4355 721 4446 perfecta
767 4357 903 4421 Temere
919 4355 1045 4442 ingenia
1058 4354 1230 4419 creduntur
1243 4352 1364 4440 aliquid
