2998 5052
466 374 535 438 AD
557 373 707 440 1L1AD.
729 378 767 440 Ψ.
783 376 834 440 84.
1112 375 1177 441 223

130 553 189 607 aut
202 541 376 632 autmuata,
391 542 424 608 in
438 543 488 610 his
501 558 581 626 sunt
599 559 648 612 tot
666 544 744 628 ἅπαξ
762 545 914 632 ληγέμεναι,
933 557 990 614 aut
1011 557 1082 634 post
1103 569 1177 612 euru

131 629 165 694 in
186 628 280 694 aliam
299 631 458 698 notionem
474 632 609 713 deflexa,
631 644 687 698 aut
709 645 830 698 servata
842 631 983 719 quidem,
997 655 1055 698 nec
1072 645 1177 700 tamen

131 714 192 782 nisi
206 737 227 782 a
242 717 434 784 doctioribus
454 731 487 784 et
506 720 541 786 in
561 733 647 786 certo
668 733 792 786 tantum
812 718 960 786 orationis
980 717 1094 808 geusae
1116 744 1179 787 ser·

131 815 213 873 vam
260 807 334 870 Hoc
352 816 410 885 est,
424 829 491 893 quo
511 806 663 872 rationem
683 805 814 872 reddere
834 804 926 871 liceat
946 805 1102 887 idoneam,
1120 831 1179 874 cur

131 889 338 979 grammatici,
353 891 447 956 etiam
468 892 658 980 antiquiores
676 892 711 958 in
728 891 779 958 his
793 891 983 979 Apollonius
996 893 1030 958 in
1045 893 1176 975 Mxico,

131 990 198 1042 tam
212 976 313 1044 multa
325 977 391 1044 inte
429 993 581 1059 retentur,
596 1003 678 1069 quae
692 979 783 1045 nobis
795 1003 836 1044 ex
851 977 1035 1067 vulgaribus
1049 980 1176 1048 Lexicis

131 1079 208 1130 nota
222 1078 304 1130 sunt.
351 1065 398 1130 Sc'
413 1078 475 1132 icet
488 1080 576 1131 erant
589 1067 667 1132 haec
681 1065 833 1132 vocabula
847 1079 971 1132 tautum
985 1066 1177 1134 doctioribus

130 1163 217 1232 nota,
233 1175 290 1216 nec
312 1175 373 1216 usu
387 1153 521 1240 wlgari,
537 1154 591 1218 sed
612 1177 630 1218 e
651 1152 814 1240 disciplina
834 1165 867 1216 et
886 1151 1018 1219 lectione
1037 1153 1177 1222 addisce,
1239 1159 1243 1166 '

130 1237 258 1302 bantur.
303 1239 423 1304 Contra
436 1262 512 1303 vero
524 1239 647 1305 infinita
660 1252 707 1304 est
721 1239 894 1303 multitudo
905 1261 1030 1320 vocum,
1045 1264 1128 1327 quae
1141 1241 1175 1306 in

131 1325 276 1390 Homero
289 1348 354 1390 non
367 1325 657 1414 occurrunt-inque
673 1325 711 1388 iis
730 1324 824 1390 etiam
838 1348 929 1390 voces
950 1326 1078 1406 miritae,
1094 1350 1177 1414 quae

130 1410 164 1476 in
184 1434 294 1476 earum
314 1411 429 1492 locum,
445 1413 561 1501 quibus
583 1412 710 1478 eaedem
731 1411 872 1476 notiones
892 1411 925 1475 in
948 1413 1122 1502 Homeroj

130 1512 222 1562 erant
236 1498 385 1585 signatae,
402 1512 623 1564 successerunt.
794 1537 797 1543 ·

173 1587 225 1650 Ut
238 1585 396 1650 nonnullis
411 1585 519 1651 saltem
534 1585 685 1673 exemplis
703 1583 781 1650 haec
795 1583 966 1650 declarem:
990 1607 1054 1650 nou
1068 1597 1175 1651 occur-
1214 1609 1216 1616 ·

129 1684 208 1760 runt
221 1671 254 1736 in
269 1674 422 1753 Homero,
437 1672 471 1736 in
491 1672 567 1738 locis
587 1696 669 1761 quae
690 1671 825 1736 maxime
847 1695 884 1736 ea
903 1673 999 1737 verbs
1020 1671 1175 1738 desidera.

130 1759 220 1838 bant,
235 1758 322 1846 τύχη,
338 1761 417 1846 ὀργὴ,
431 1764 536 1838 πλοῖον,
553 1761 618 1839 ἔθος,
632 1765 685 1845 ap*
707 1785 751 1841 μα
765 1781 788 1822 s
804 1763 936 1843 πρᾶγμα.
964 1758 1078 1824 Faciti
1135 1783 1176 1825 ue

129 1844 327 1910 mirationem
349 1846 436 1932 quod
457 1845 491 1909 in
513 1845 605 1911 Iliad.
621 1850 661 1910 0.
707 1867 766 1909 uae
791 1868 882 1910 voces
902 1857 1082 1925 occurrunt,
1142 1845 1176 1912 bi

130 1954 195 1996 non
210 1931 332 2013 obviae,
346 1955 391 1996 vs.
408 1934 472 2003 393
487 1932 567 2019 λόγοι
583 1944 615 1997 et
628 1955 673 1996 vs.
689 1933 754 1997 412
768 1930 875 2011 coola·
897 1931 1040 1996 Alterius
1054 1932 1177 2020 generis

130 2031 206 2083 suut
226 2041 286 2097 res,
301 2041 438 2106 quarum
457 2021 619 2089 Homerus
641 2041 705 2083 uon
723 2017 875 2098 meminit,
889 2018 1022 2084 aliarum
1036 2019 1175 2107 quidem,

129 2129 211 2192 quas
231 2127 404 2170 memorare
424 2104 588 2193 potuisset,
602 2105 746 2185 aliarum,
761 2128 841 2192 quas
859 2129 917 2170 nec
935 2117 1037 2170 norat.
1081 2107 1177 2194 Ejus

130 2192 219 2256 modi
232 2192 377 2279 exempla
397 2206 482 2272 sunt,
503 2215 579 2257 usus
600 2192 754 2258 elixarum
774 2192 926 2272 carnium,
949 2215 1027 2258 usus
1047 2192 1179 2257 annulo-

130 2301 205 2342 rum
217 2287 259 2343 'et
280 2279 414 2344 fontium
437 2278 620 2359 calidorum,
637 2277 740 2342 Plinio
755 2277 899 2358 mirante,
914 2292 1023 2344 contra
1043 2278 1177 2344 alterum

130 2364 311 2431 tamenhoc
325 2389 477 2431 memores
490 2365 593 2430 fontes
606 2364 791 2430 Scamandri
805 2369 843 2428 X.
860 2367 940 2430 148.Ι
1197 2419 1200 2425 .

175 2452 358 2518 Secundum
370 2449 373 2453 ’
386 2453 464 2518 haec
485 2452 519 2516 in
540 2465 651 2540 poetae
673 2451 805 2516 lectione
827 2453 955 2516 seriores
978 2451 1092 2516 Graeci
1113 2473 1177 2517 non

130 2539 247 2618 miuus,
285 2561 359 2603 uam
374 2562 441 2618 nos,
455 2538 587 2605 lectione
600 2537 814 2625 antiquiorum
827 2538 1014 2626 scriptorum
1029 2539 1178 2604 smmorris

133 2625 248 2692 Graeci
263 2563 420 2705 doctioris,
436 2638 521 2691 etex
536 2625 670 2690 Homeri
689 2624 821 2690 lectione
836 2624 998 2689 Homerici
1015 2625 1175 2706 sermonis,-

129 2713 275 2778 notitiam
295 2725 329 2778 et
350 2735 443 2778 usum
464 2735 575 2801 parare
595 2711 751 2786 debuers3
776 2725 807 2776 et
821 2711 948 2798 quoties,
961 2710 1006 2776 illi
1024 2711 1176 2777 inlocum

130 2799 336 2865 difficiliorem
357 2812 413 2864 aut
427 2822 535 2865 vocem
550 2798 760 2864 obscuriorem
773 2797 956 2876 inciderant,
971 2821 1035 2862 non
1049 2797 1110 2862 alia
1121 2799 1179 2864 ad·

131 2885 282 2951 minicula
294 2898 327 2951 et
347 2886 485 2952 subsidia
503 2885 651 2951 adhibere
669 2897 812 2972 potuere,
828 2907 924 2972 quam
938 2908 976 2949 ea
989 2884 1105 2970 quibus
1120 2908 1178 2950 nos

131 2972 272 3048 utimur;
296 2972 439 3038 videmus
463 2972 571 3060 itaque
593 2996 645 3037 eos
669 2971 764 3036 modo
786 2971 960 3058 conjectare
986 2984 1018 3034 et
1042 2969 1177 3051 ariolari,

132 3059 229 3124 modo
242 3059 447 3148 etymologias
461 3059 704 3147 circumspicere.
736 3059 839 3122 Erant
852 3079 980 3144 quoque
993 3055 1026 3122 in
1040 3056 1089 3120 his
1103 3057 1179 3146 ipsis

131 3146 230 3234 copiis
244 3145 404 3224 nonnulla,
420 3147 537 3234 quibus
557 3169 613 3210 nos
627 3144 844 3232 locupletiores
858 3157 890 3208 et
903 3143 1015 3208 melius
1033 3143 1177 3210 instructi

105 3231 109 3237 ’
133 3256 261 3298 sumus:
285 3256 358 3298 nam
380 3247 412 3298 et
432 3232 635 3332 grammatica
656 3231 805 3297 sermonis
824 3230 928 3318 graeci
941 3230 1042 3318 magis
1055 3244 1102 3295 est
1116 3231 1178 3298 ela-

131 3321 253 3399 borata,
269 3319 526 3408 quandoqmdem
539 3319 573 3383 in
587 3343 624 3385 ea
637 3317 827 3406 perficienda
841 3329 888 3382 tot
897 3317 957 3382 viri
971 3317 1055 3382 docti
1069 3341 1179 3406 operas

131 3407 316 3494 conjunctas
336 3429 393 3493 per
414 3420 462 3472 tot
483 3405 606 3472 saecula
627 3405 809 3484 adhibuere,
836 3415 868 3469 et
891 3403 1179 3492 antiquissimorum

132 3493 297 3558 hominum
318 3493 429 3558 modos
443 3493 598 3558 sentiendi
615 3505 648 3558 et
667 3515 774 3558 sensus
792 3490 940 3556 efferendi
961 3491 1073 3556 melius
1095 3514 1179 3560 nuuc

132 3603 206 3668 pers
265 3585 313 3646 tos
333 3581 502 3645 habemus·
540 3578 729 3646 Incredibile
747 3577 831 3642 enim
852 3589 910 3657 est,
925 3600 1021 3666 quam
1044 3592 1178 3660 mature,

132 3681 166 3732 et
221 3691 244 3732 u
266 3679 338 3732 ante
363 3665 597 3732 Alexandrinos
618 3663 847 3754 grammaticos,
864 3677 915 3748 et,
936 3664 1024 3764 quod
1047 3666 1178 3746 mireris,

132 3766 327 3842 quantopere
341 3753 501 3842 interdum
515 3753 620 3843 ipsum
634 3750 838 3817 Aristotelem
851 3752 969 3850 fugent
983 3752 1179 3840 antiquitatis

133 3863 243 3906 sensus
257 3855 292 3906 et
303 3840 401 3914 ratio;
426 3864 527 3929 quum
542 3841 584 3906 ad
597 3837 732 3904 melioris
748 3838 854 3902 cultus
866 3850 975 3920 vitam,
990 3837 1135 3904 instituta
1148 3851 1180 3904 et

132 3938 237 3994 mores
257 3951 327 3992 eam
348 3927 508 4015 redigunt,
530 3927 733 4024 dissensuque
754 3947 791 3989 ac
813 3925 1021 4014 discrepantia
1040 3925 1180 3989 auimad.

133 4037 234 4093 versa,
256 4012 394 4102 mythice
415 4037 451 4078 ac
472 4013 641 4102 symbolice
662 4012 756 4091 dicta,
771 4010 805 4076 in
818 4011 920 4099 prisco
934 4034 1085 4090 sermone,
1100 4011 1179 4077 acci·

133 4101 228 4189 piunt
264 4100 368 4187 roprie
383 4114 415 4165 et
428 4101 471 4165 ad
485 4101 591 4179 verbs,
606 4098 700 4163 modo
717 4098 750 4162 in
765 4097 903 4166 diversos
923 4119 1030 4162 sensus
1049 4097 1181 4163 trahunt

134 4200 167 4254 et
180 4188 214 4252 in
259 4186 391 4274 egorias
404 4187 534 4252 diversis
547 4185 648 4250 modis
661 4197 795 4249 mutant.
1142 4195 1144 4200 '

178 4273 374 4352 Desideravi,
398 4273 509 4352 fateor,
529 4271 637 4337 'multa
661 4271 695 4335 in
715 4270 874 4336 veteribus
894 4269 1122 4357 grammaticis3
1146 4285 1180 4338 at

134 4373 239 4426 tamen
254 4361 353 4426 altera
367 4383 407 4425 ex
423 4372 512 4448 parte
533 4371 643 4447 gratus
661 4359 810 4445 profiteor
830 4355 931 4424 multa
944 4378 985 4422 ex
998 4355 1037 4422 iis
1049 4357 1134 4424 bona
1146 4358 1180 4424 in
