3008 5056
327 406 378 470 84.
542 454 545 459 ,
728 399 981 467 EXCURSUS

330 576 404 640 818.
421 571 482 642 od.
495 576 534 637 O.
547 565 620 638 386.
637 594 747 638 verum
762 573 856 638 etism
871 574 926 639 ubi
941 571 1176 661 subjunctivum
1192 553 1378 658 expectabas

330 659 381 725 vel
395 659 588 747 optativum:
613 657 654 723 Il.
671 665 695 726 1.
712 656 777 724 642
795 660 875 724 ἄλλοί
893 686 941 742 μοι
956 661 1089 726 οἰδάνεται
1106 657 1200 741 κραδίη
1215 657 1309 743 χόλῳ,
1326 662 1378 720 tr·
1500 663 1501 738 i

331 745 392 811 πότ’
408 745 508 897 ἐιὸείνουΙ
522 747 673 828 μνήσομαι.
697 767 770 809 cum
785 759 865 809 esset
878 745 1036 830 μνῆσωμαι.
1060 749 1102 809 Ο.
1118 747 1191 810 358.
1207 747 1237 814 9.
1262 742 1327 807 011.
1339 745 1381 805 O.
1500 759 1501 790 ἐ

377 919 420 982 in
442 917 665 1000 comparatione
686 919 722 991 οὕς
743 916 823 980 ὁπότε
845 917 992 993 occurrit,
1015 927 1053 980 ut
1074 919 1109 990 ὥς
1132 913 1331 1001 ὕπι,1111]11ο
1350 937 1381 977 v.
1500 913 1501 952 ³

335 1006 415 1070 Exc.
432 1003 461 1068 I.
478 1001 519 1068 ad
533 1003 564 1066 h.
581 1001 650 1076 libr.
672 1025 743 1066 curn
763 1001 942 1082 indicativo,
963 1015 995 1066 et
1015 1001 1224 1089 subjunctivo.
1262 1006 1299 1065 A.
1316 1003 1385 1066 305

335 1089 370 1166 ὥς
384 1090 465 1155 ὁπότε
480 1089 600 1175 Ζέφυρος
616 1089 696 1172 νέφεα
710 1089 874 1178 στυφελίξη.
901 1089 905 1096 ’
1095 1105 1097 1108 ’
1500 1089 1501 1092 “

495 1473 816 1557 EXCURSUS
848 1473 934 1558 AD
965 1473 1153 1557 ILIAD.
1185 1490 1228 1558 K.

690 1657 742 1724 De
761 1679 824 1724 voc.
843 1657 922 1722 ἄδὲοο.
947 1657 1042 1723 ἀδδὲα.

385 1778 424 1836 K.
440 1773 535 1852 98μῆ
551 1771 593 1832 τοὶ
606 1769 658 1851 μὲν
673 1769 796 1856 καμάτῳ
810 1770 954 1847 ἀδδηκότες
968 1770 1013 1848 ἠδὲ
1029 1769 1076 1832 καὶ
1096 1767 1169 1853 ὕπνῳ
1189 1768 1389 1851 κοιμήσωνται.
1500 1777 1501 1810 ³

343 1861 428 1923 Cum
447 1855 591 1934 ἀδδηκὸπες
608 1856 765 1942 jungatur
785 1878 859 1920 cum
878 1855 960 1921 binis
974 1855 1104 1920 vocibus
1119 1855 1241 1942 καμάτῳ
1255 1867 1288 1919 11
1302 1853 1390 1941 ὕπνῳ,

342 1967 424 2030 quae
443 1965 507 2010 uon
521 1941 668 2008 videntur
689 1940 730 2006 ad
751 1940 910 2010 notionem
932 1941 1063 2006 eandem
1085 1963 1282 2006 communem
1304 1941 1392 2029 adigi

342 2053 451 2121 posse:
475 2027 669 2116 grammatici
683 2029 716 2093 in
731 2042 837 2117 etymo
857 2029 925 2116 ejus
947 2028 1164 2093 constituendo
1185 2049 1314 2114 operam
1335 2051 1394 2114 po-

344 2139 445 2196 suere,
460 2128 498 2179 ut
512 2115 585 2179 inde
600 2115 808 2266 sipnificatum
822 2115 1053 2180 constituerent.
1082 2117 1201 2180 Errant
1215 2127 1322 2178 autem
1336 2138 1394 2202 po-

345 2201 499 2267 tissimum
518 2201 599 2266 inter
641 2225 698 2266 uas
720 2201 897 2282 sententias,
913 2214 950 2266 ut
964 2214 1019 2266 aut
1033 2202 1076 2266 ab
1089 2199 1176 2278 ἀηδέα
1190 2199 1320 2280 ducant,
1336 2213 1393 2265 aut

347 2289 388 2356 ab
404 2287 469 2352 ἄδαν.
486 2288 567 2352 ἂδέοο.
828 2313 829 2320 “

392 2372 494 2439 Schol.
510 2375 557 2440 br.
574 2376 623 2439 ὕτό
640 2382 688 2439 τοῦ
705 2374 788 2438 κοίτου
803 2377 888 2452 ἀηδῶς
902 2373 1076 2456 διακείμενοι,
1092 2375 1265 2453 ὀκνήσαντες.
1286 2375 1330 2453 ἡδέ
1345 2375 1395 2438 καὶ

348 2461 433 2546 ὕτνῳ,
454 2466 487 2547 τῇ
511 2461 661 2571 ἀγῳυπνίῳ.
707 2459 808 2526 Schol.
830 2460 972 2524 Α.111111
997 2459 1144 2559 apposuit
1167 2461 1207 2525 de
1227 2472 1338 2548 etymo
1364 2474 1396 2524 et

349 2546 535 2634 significatu,
551 2572 630 2611 υπνον
652 2561 757 2618 tamen
778 2559 811 2610 11
831 2547 898 2634 ipse
919 2560 1038 2633 accepit
1059 2548 1100 2612 de
1122 2569 1230 2612 sonmo
1244 2570 1310 2633 quo
1325 2547 1397 2633 quis

349 2631 546 2743 opprimitur.
594 2633 946 2710 811101.Β.αἰηδισθε’ντις.
968 2630 1041 2720 ὕπνῳ
1056 2635 1131 2720 δὲτῇ
1148 2633 1289 2720 οόγςοπνίῳ
1304 2637 1394 2717 λέγει.
1500 2702 1501 2718 ¹

340 2727 462 2804 ’“ὐπνῳ
476 2719 524 2782 καὶ
540 2718 660 2804 καμάτῳ
676 2720 831 2802 α’ῳημένοι·”
848 2719 925 2803 (Od.
942 2725 977 2784 Z.
994 2722 1038 2802 91.)
1074 2722 1159 2797 Hoc,
1175 2742 1248 2782 cum
1262 2721 1397 2806 Etymo-
1500 2743 1501 2754 ¹

349 2804 434 2893 logo,
450 2803 638 2869 Eustathius
657 2827 784 2892 quoquc
807 2805 966 2893 sequitur3
991 2805 1049 2871 etsi
1070 2821 1102 2871 11
1123 2805 1258 2870 alterum
1279 2804 1394 2870 habet:
1500 2819 1501 2892 j

351 2895 412 2956 ἀντὶ
433 2899 494 2970 τοῦ,
513 2891 690 2978 κορεσθέντες.
713 2891 769 2954 1πεὶ
790 2893 837 2955 καὶ
857 2888 920 2966 ὕδος
935 2897 948 2956 ὁ
963 2891 1050 2976 κόρος,
1071 2897 1147 2957 κατοὶ
1167 2895 1229 2966 ποὺς
1250 2892 1397 2967 παλαιούς.
1500 2963 1501 2972 ¹

353 2977 500 3088 Appon't
512 3000 640 3064 quoque
658 2990 835 3065 utrumque
849 2976 934 3065 prior
954 2977 1004 3042 his
1019 2977 1166 3066 Apollon.
1183 2977 1216 3041 in
1232 2979 1312 3066 Lex.
1330 2982 1411 3056 ἁδη·’
1500 2991 1501 3030 t

354 3091 444 3142 κοτες,
460 3063 525 3141 ἄδην
541 3062 651 3150 ἔχοντες
669 3066 716 3128 καὶ
737 3063 954 3148 πεπληρωμένοι·
978 3071 999 3105 “
1011 3064 1083 3152 ὕπνῳ
1099 3067 1146 3128 καὶ
1162 3064 1284 3149 καμάτῳ
1299 3065 1402 3143 ἀδηκό-

354 3157 378 3189 “
393 3150 468 3222 τες.”
483 3151 568 3226 ἀηδῶς
588 3147 789 3229 διατεθειμένοι.
810 3151 842 3212 τδ
863 3151 892 3213 δὲ
911 3151 1104 3236 παραπλήσιον
1119 3151 1161 3214 ἐπὶ
1177 3157 1236 3212 τοῦ·
1262 3157 1284 3190 “
1296 3150 1401 3214 δείπνου
1500 3210 1501 3232 η

356 3242 379 3276 “
394 3235 533 3312 ἁδήσειεν”
549 3234 624 3316 (Od.
642 3239 679 3298 Α.
696 3237 788 3321 134.)
804 3239 866 3300 ἀντὶ
885 3241 946 3314 τοῦ,
964 3236 1114 3315 ἀηδτσθείη.
1159 3239 1214 3302 Ex
1228 3235 1402 3323 Apollonio

355 3342 415 3386 sua
427 3318 523 3383 habet
538 3319 727 3408 Hesychia
742 3321 883 3399 ἀδηκότες.

399 3407 476 3470 «Iam
489 3405 522 3472 in
536 3403 595 3470 hac
611 3407 886 3506 grammaticorum
907 3408 1049 3472 doctrina
1069 3407 1172 3495 primo
1192 3420 1276 3472 caret
1297 3407 1405 3476 analo,
1500 3434 1501 3482 ι

356 3491 420 3580 gia,
436 3519 470 3570 αη
485 3491 601 3572 mutari
619 3515 653 3558 m
674 3521 705 3572 α,
727 3506 763 3558 11
782 3517 821 3558 ex
840 3492 926 3572 ἀηδέσι
944 3495 1001 3558 flat
1019 3497 1101 3573 ἐνδέοι,
1116 3507 1149 3558 11
1162 3517 1202 3558 ex
1217 3497 1308 3572 ἀηδην,
1326 3496 1401 3574 ἀδῆν.

358 3601 399 3644 ex
414 3576 474 3656 ὕδη,
491 3580 554 3643 κατ’
570 3577 646 3656 ἅδην.
691 3581 780 3644 Tum
794 3581 1061 3660 111ο,11οἰδέο1111
1075 3580 1285 3646 contractione
1298 3601 1403 3645 neces-
1500 3615 1501 3678 ῳ

359 3663 440 3729 sario
453 3664 549 3742 habet
569 3664 706 3752 priorem
725 3663 758 3730 lo
853 3714 862 3745 ‚
878 3689 1001 3732 necesse
1015 3681 1063 3732 est
1077 3667 1228 3745 etiamid,
1244 3666 1331 3730 unde
1344 3667 1404 3731 du-

359 3750 451 3830 citur,
474 3749 538 3826 ἄδην
559 3751 695 3838 priorem
716 3775 756 3840 pr
798 3765 902 3818 uotam
924 3754 1047 3819 habere.
1091 3755 1168 3818 Jam
1184 3765 1290 3818 autem
1306 3752 1346 3817 Il.
1362 3757 1403 3818 N.

360 3839 425 3902 315
439 3835 614 3902 videbimus
633 3838 661 3902 οί
677 3864 724 3921 μιν
742 3837 808 3918 ἄδην
825 3851 858 3904 ct
871 3845 906 3904 T.
922 3842 987 3906 423
1004 3847 1032 3905 T
1049 3848 1104 3915 ὤας
1121 3839 1186 3918 ἄδην
1206 3839 1293 3927 quod
1311 3854 1344 3904 et
1361 3838 1403 3903 ad
1442 3869 1446 3874 ·

361 3922 514 4010 Tragicos
535 3923 692 4011 migravit,
707 3947 737 3988 v.
749 3948 775 3989 c.
796 3927 910 4014 Eurip.
926 3926 1000 3992 Hel.
1038 3925 1081 3992 26
1103 3932 1174 4008 ἡμᾶς
1195 3927 1249 3991 τόδ’
1272 3925 1348 4000 αὕδις
1369 3929 1404 4000 οὖς
1444 3989 1448 3996 ,

360 4007 426 4086 ἄδην
440 4013 466 4071 ἐν
480 4007 569 4096 Ἰλίῳ.
614 4008 821 4082 Manifestum
842 4035 882 4078 ex
903 4013 954 4079 his
972 4015 1019 4094 fit,
1042 4013 1176 4102 primam
1197 4012 1230 4077 in
1251 4011 1318 4090 οἷδην
1340 4034 1404 4076 esse

361 4096 500 4176 brevem,
515 4119 549 4160 er
605 4095 684 4164 11111
698 4096 777 4162 ἁδέα.
798 4109 836 4164 ut
848 4100 976 4172 omnino
996 4099 1097 4167 omnis
1117 4098 1195 4164 haec
1215 4096 1405 4188 etymologia

361 4181 403 4246 sit
416 4119 601 4269 1111111111.
662 4245 664 4248 ,
900 4234 902 4248 ,

357 4335 372 4344 ,,
408 4267 442 4333 Si
456 4279 622 4346 constaret,
634 4267 722 4346 ἀηδεῖν
737 4293 802 4334 esse
813 4293 921 4336 vocem
937 4253 1137 4337 Homericam
1150 4272 1197 4356 (et
1210 4270 1309 4360 possit
1323 4293 1405 4336 com-

361 4353 466 4442 parari
479 4375 552 4419 cum
566 4354 662 4434 ἀηδέα,
678 4379 707 4418 v.
720 4355 775 4430 inf.
792 4357 832 4422 ad
848 4362 884 4422 K.
902 4359 967 4428 493
981 4357 1126 4443 ἀήθεσσον)
1143 4358 1277 4424 dicerem
1292 4358 1325 4424 in
1339 4357 1406 4423 loco
1432 4375 1435 4380 '
1500 4407 1501 4438 η
