2998 5052
501 363 569 426 AD
593 363 742 430 lLIAD.
765 369 805 428 Ω.
1117 369 1183 437 295

132 521 200 596 ram
226 553 302 597 esse.
338 535 465 620 ¹Itaque
489 547 521 600 et
546 535 660 602 modus
684 536 831 601 laudibus
856 547 903 600 est
925 537 1122 616 statuendus,
1148 552 1180 602 et

132 617 369 770 pieqquendum,
385 621 457 708 quis
478 645 586 686 earum
608 635 663 687 aut
686 623 805 688 fundus
826 622 876 701 sit,
896 636 953 688 aut
972 623 1043 689 fons
1066 625 1106 690 ait
1127 624 1182 690 ha-'

174 727 195 768 n
219 729 267 770 us.
1177 739 1183 756 „

176 791 344 858 Verissime
370 794 446 858 mihi
469 794 592 860 Plinius
613 795 729 860 dixisse
750 794 876 860 videtur
898 799 944 860 H.
960 797 1004 860 N.
1023 797 1104 876 VII,
1127 800 1180 878 3⁰·

134 878 272 944 Homero
291 889 369 944 aare*
379 903 491 967 graeco
511 881 684 969 ingenium,
700 881 815 970 inquit,
829 883 945 946 nullam
957 881 1082 966 felicius
1103 885 1184 948 eati-

134 965 206 1028 tisse
231 968 378 1047 converit
401 969 465 1033 siaa
486 971 583 1051 aperis
596 966 739 1050 sarasan,
761 970 823 1034 siae
844 970 973 1034 materia
995 972 1178 1035 aestimetur.
1216 985 1219 990 “

132 1053 250 1138 Neque
264 1065 380 1118 temere
394 1055 515 1118 dictum
529 1054 674 1134 arbitror,
691 1055 716 1120 si
730 1055 802 1142 quis
816 1069 981 1135 asseveret,
997 1056 1091 1120 semel
1112 1069 1181 1120 mn

133 1151 216 1219 tum,
233 1161 289 1204 nec
304 1139 364 1204 nisi
376 1140 447 1220 ista,
462 1163 527 1228 qua
540 1140 702 1206 conditum
720 1155 778 1222 est,
793 1153 895 1206 aetate
914 1155 1049 1206 carmen
1060 1155 1183 1208 utrum-¹
1230 1163 1234 1176 ’

133 1249 198 1312 que
216 1237 281 1290 tam
295 1249 370 1314 pros
410 1251 446 1293 ro
461 1251 605 1292 surressu
619 1228 712 1293 condi
728 1227 884 1316 potuisse;
898 1228 941 1292 vin
955 1229 1111 1294 felicitatis
1125 1228 1183 1294 ita

132 1335 198 1398 que
212 1310 282 1376 looo
295 1337 361 1376 esse
397 1337 435 1378 oc
448 1313 691 1396 numerandum,
706 1314 794 1402 quod
804 1314 924 1402 'poetae
938 1315 1120 1402 obtigerunt
1134 1339 1181 1394 ea,

132 1398 251 1486 quibus
270 1399 416 1466 effectum
438 1414 495 1479 est,
512 1414 550 1465 ut
570 1401 612 1464 ad
633 1423 740 1465 omnes
761 1413 877 1464 aetates
894 1400 1032 1465 carmina
1045 1401 1105 1466 ista
1119 1425 1183 1468 non

133 1485 230 1549 modo
251 1485 389 1566 laudem,
405 1487 460 1551 sed
474 1501 507 1552 et
520 1485 757 1552 admirationem
777 1487 925 1552 habitura
938 1487 1000 1552 sint
1014 1501 1182 1553 aeternam.-

134 1571 348 1637 Continentur
358 1585 465 1638 autem
479 1597 605 1638 caussae
617 1573 694 1638 istae
707 1574 810 1662 primo
822 1573 891 1639 loco
905 1576 1089 1659 antiquitate
1102 1575 1181 1664 ipsa,

132 1660 231 1744 iisque
243 1659 414 1738 airmtibas,
429 1683 511 1747 quae
530 1660 571 1725 ab
593 1683 630 1724 ea
651 1660 765 1727 ductae
780 1674 865 1740 sunt,
880 1659 991 1724 sivein
1005 1661 1136 1725 materia
1150 1674 1181 1726 et

132 1757 332 1833 argumento,
348 1745 460 1810 sivein
475 1746 659 1812 tractatione
673 1759 706 1811 et
719 1747 911 1821 elocutione;
935 1770 1039 1834 neque
1058 1770 1113 1811 eae
1127 1749 1182 1811 h'a'

133 1831 209 1898 bere
324 1845 360 1897 nt
386 1846 505 1898 tantam
530 1833 596 1897 vim
616 1833 842 1901 adhominum
863 1834 983 1898 animos
1000 1855 1058 1922 per
1078 1834 1185 1899 omnia

134 1855 442 1998 amulioiihendos,
463 1918 521 1984 nisi
544 1943 598 1984 eae
619 1920 678 1984 ista
699 1933 801 1984 aetate
823 1911 1028 1999 emersissent,
1043 1943 1109 2020 qua
1129 1943 1184 1985 nas

88 2045 91 2052 ·
134 2019 225 2088 turae
239 2005 346 2070 vivida
359 2005 407 2070 vis
429 2007 570 2071 nondum
592 2006 668 2071 artis
680 2007 755 2071 fuco
769 2019 849 2071 esset
863 2019 1022 2095 corrupta,
1038 2031 1103 2072 stne
1118 2023 1184 2095 quo

134 2103 241 2158 tamen
256 2115 340 2156 nunc
354 2092 478 2157 nullum
492 2093 609 2181 ingenii
623 2116 704 2180 opus
718 2115 822 2158 carere
841 2106 954 2180 potest,
969 2094 1026 2158 etsi
1048 2094 1081 2157 in
1104 2095 1185 2160 anti-1

133 2179 292 2266 quissimis
319 2179 467 2268 operibus
490 2181 566 2244 haec
591 2194 755 2268 tantopere
774 2181 947 2268 probamus
966 2192 1000 2248 et
1021 2180 1185 2246 miramur:

135 2267 269 2330 Habent
283 2265 405 2331 ethaeo
419 2289 543 2331 caussas
558 2291 630 2331 suas
643 2267 675 2332 in
689 2268 758 2356 ipsa
771 2266 887 2354 ingenii
910 2266 1040 2332 humani
1061 2281 1182 2348 natura.

134 2355 188 2417 Ea
203 2365 308 2417 tamen
322 2352 441 2418 factum
456 2366 503 2418 est
516 2354 724 2441 potissunum‚
741 2367 779 2420 ut
799 2376 856 2440 per
875 2375 985 2417 omnes
1001 2367 1117 2417 aetates
1131 2354 1186 2418 ha-

134 2441 232 2504 beant
253 2439 405 2519 homines,
421 2440 509 2530 quod
528 2440 562 2504 in
584 2440 763 2504 Homericis
782 2439 971 2504 carminibus
990 2438 1185 2527 voluptatem

134 2549 209 2590 cum
231 2525 436 2596 admiratione
455 2527 573 2591 afferat.
619 2528 703 2591 Cum
717 2526 767 2590 his
780 2539 886 2590 tamen
899 2525 1063 2590 fatendum
1078 2539 1136 2603 est,
1152 2527 1185 2590 in'

133 2613 283 2677 omnibus
305 2613 459 2680 aetatibus
480 2635 516 2677 ac
538 2612 664 2700 populis
685 2612 846 2680 accessisse
860 2635 984 2678 caussas
998 2611 1073 2678 alias
1087 2637 1125 2678 aa
1138 2613 1186 2676 di-'

133 2722 251 2778 versas,
282 2723 337 2764 seu
367 2699 581 2766 admirationis
609 2723 664 2764 seu
693 2700 864 2790 voluptatis
896 2699 970 2764 inde
985 2729 987 2734 ·
1005 2699 1185 2788 capiendae

134 2789 222 2852 Nam
237 2788 331 2853 Iones
345 2786 543 2851 hauddubie
559 2787 768 2869 laetabantur,
783 2809 913 2853 suorum
935 2788 1029 2851 ἀοιδῶν
1050 2787 1187 2850 carmina

134 2873 246 2938 divino
267 2871 374 2961 aliquo
388 2892 518 2938 munere
532 2873 591 2940 sibi
606 2887 738 2954 servata,
754 2889 787 2939 et
799 2874 831 2937 in
846 2874 885 2938 iis
898 2896 946 2951 ea,
961 2895 1043 2961 quae
1057 2895 1076 2936 a
1090 2873 1187 2958 majo-

134 2959 227 3025 ribus
255 2959 424 3048 stirpisque
453 2959 635 3025 Hellenicae
662 2960 869 3048 gentiumque
893 2958 1073 3024 auctoribus
1098 2959 1187 3024 audi-¹

136 3047 224 3112 tione
246 3047 288 3111 ad
310 3071 342 3112 se
364 3068 423 3136 pro
486 3087 487 3090 =
506 3060 538 3112 ta
558 3061 658 3125 erant,
674 3049 845 3111 Musarum
857 3045 1008 3111 beneficio
1021 3045 1187 3124 memoriae

136 3134 346 3224 sempiternae
361 3148 391 3198 tr
433 3135 477 3198 'ta
490 3157 564 3198 esse.
610 3130 694 3199 Cum
716 3133 790 3198 inde
804 3134 949 3198 Athenas
962 3131 1082 3220 perlata
1098 3140 1188 3196 erant

135 3221 287 3301 carmina,
314 3220 525 3286 Athenienses
549 3245 587 3285 ea
611 3243 674 3285 non
699 3219 829 3286 minore
844 3243 917 3284 cum
946 3217 1020 3283 volu
1044 3231 1109 3284 tate
1133 3241 1189 3283 au-

136 3308 278 3386 diebant,
293 3308 412 3396 quippe
426 3307 483 3394 qui
498 3309 592 3372 Iones
610 3329 650 3371 ex
670 3328 728 3372 sua
747 3307 827 3372 urbe
843 3307 999 3406 digressos
1047 3304 1125 3370 siam
1139 3321 1190 3370 002

136 3418 269 3483 aupasse
290 3407 414 3471 norant,
437 3415 610 3481 eorumque
631 3393 740 3460 laudes
761 3415 826 3458 nou
849 3415 953 3458 murus
975 3393 1018 3457 ad
1040 3417 1073 3456 se
1095 3392 1190 3480 perti-

136 3505 214 3547 nere
236 3481 382 3546 arbitrari
403 3480 590 3546 debuerunt.
638 3481 804 3568 Sequiores
825 3493 942 3546 aetates
962 3479 1101 3544 carmina
1120 3481 1190 3544 Ha:

138 3569 256 3633 marica
281 3567 382 3634 omnis
407 3567 556 3654 antiquae
582 3568 749 3632 memoriae
771 3581 928 3654 tanquam*
943 3565 1079 3630 codicem
1102 3589 1192 3654 praes

137 3654 379 3732 stantissimum,
395 3653 507 3718 merito
522 3651 644 3718 summa
658 3654 818 3741 religione,
830 3652 1045 3729 admiratione,
1060 3652 1190 3732 honore,

138 3742 339 3831 prosequuti·
352 3751 443 3806 sunt:
468 3737 616 3805 tenebant
638 3740 777 3826 enimin
798 3739 836 3803 iis
857 3741 956 3802 tortas
973 3761 1103 3803 suorum
1122 3739 1192 3804 reli·-

139 3829 244 3918 quias,
274 3828 446 3916 priscorum
476 3826 673 3916 ingeniorum
702 3825 884 3914 superstites
912 3825 1006 3905 fetus,
1036 3827 1189 3912 majorum

139 3915 377 3993 leudesinda,
405 3937 523 3994 semus,
548 3935 674 3978 omnem
695 3913 876 3977 memoriam
899 3912 1072 4000 anhquam,
1090 3912 1192 3998 prima

139 4002 285 4068 malturae
298 4000 467 4089 omnisque*
483 4000 651 4088 sapientiae
669 3998 838 4076 elementa,
848 3998 1022 4087 religiones,
1038 3997 1191 4078 institutat

139 4090 225 4154 vitae
246 4087 436 4176 praeceptas
455 4102 488 4153 et
508 4088 569 4152 hoc
586 4109 677 4152 sensu
698 4087 759 4152 dici
778 4100 902 4174 poterat
917 4087 1078 4172 Homerus
1092 4086 1193 4150 omnis'

139 4176 312 4266 sapientiae
326 4175 408 4252 fons,
423 4174 620 4262 ingeniorum
633 4170 726 4252 altor,
741 4171 921 4260 phantasiae
940 4172 1049 4250 fomes,
1064 4181 1193 4259 poeseos

141 4263 354 4349 historiaeque
382 4283 506 4360 parens,
536 4258 681 4326 canuinis
707 4259 808 4348 ‘epici‘
828 4257 956 4338 unicum
992 4258 1191 4346 exemplum

142 4371 281 4437 cumque
300 4369 438 4414 caraune
458 4347 512 4412 illa
532 4360 654 4413 servata
667 4369 792 4434 genere,
806 4352 1003 4433 argumento,
1018 4344 1131 4426 calore,
1147 4345 1194 4410 in-

640 4436 697 4496 u4
