2998 5052
316 391 382 460 316
690 383 986 453 HERMANNI

314 563 394 642 loun,
410 561 449 627 Il.
466 566 504 625 A.
519 559 594 627 386.
609 564 632 623 εί
646 561 697 642 μὲν
711 559 740 638 δή
755 557 877 635 ἀντίβιον
891 557 941 620 σὺν
954 554 1068 640 τείχεσι
1088 552 1245 637 πειρηθείης,
1261 547 1309 616 οὐκ
1325 550 1358 615 σ’ίι

313 675 357 714 τοι
369 648 606 736 χραίσμησεβιδς
622 647 670 710 καί
685 645 799 730 ταρφέες
814 643 857 708 ίοί.
902 642 1006 707 Alteri
1021 641 1089 706 loco
1102 638 1290 712 illustrando
1308 636 1364 702 hic

314 747 408 823 aptus
422 749 479 812 est,
495 732 556 799 Od.
572 736 609 796 Α.
626 735 698 796 415.
715 730 770 796 οὔτ’
790 729 834 794 οὖν
854 727 991 816 ἀγγελίης
1015 729 1055 790 ἔτι
1076 725 1215 806 πείθομαι,
1239 723 1265 787 εί
1281 726 1358 788 ποθεν

316 821 398 900 ἔλθοι,
414 818 475 884 οὔτε
494 819 646 907 θεοπροπίης
664 817 835 900 ἐμπάζομαι,
851 817 942 894 ήιτινα
961 814 1062 901 μήτηρ,
1083 817 1108 887 ές
1127 813 1252 898 μέγαρον
1272 810 1360 872 καλέὲ

315 933 396 972 σασα
411 905 562 993 θεοπρόπον,
578 903 725 991 ἐξερέηται.
771 903 844 966 Ηοο
858 903 952 979 enim,
968 912 1006 964 ut
1019 899 1209 986 conjectores
1228 895 1358 959 interro-

315 1006 406 1080 garet
420 991 588 1078 Penelope,
609 989 727 1053 solebat
748 987 834 1062 fieri;
857 986 948 1064 illud,
969 999 1007 1049 ut
1027 984 1162 1050 nuncius
1183 983 1358 1059 afferretur,

316 1092 349 1144 et
362 1101 469 1143 rarum
483 1091 559 1154 erat,
575 1087 607 1140 et
620 1074 797 1140 fortuitum.
843 1070 895 1137 Sic
909 1072 1002 1136 etiarn
1017 1075 1049 1134 P.
1065 1073 1138 1141 539.
1155 1075 1177 1133 εί
1193 1072 1213 1131 δ’
1229 1067 1361 1142 Ὀδυσεὺς

317 1164 399 1242 ἔλθοι,
416 1164 463 1228 καί
477 1163 556 1226 ἵκοιτ’
572 1166 597 1236 ἐς
612 1160 734 1248 πατρίδα
747 1164 846 1244 γαῖαν,
859 1158 934 1233 aldai
949 1185 980 1222 κε
995 1159 1046 1220 σὺν
1059 1155 1082 1242 ᾦ
1094 1157 1169 1220 παιδί
1185 1155 1250 1236 βίας
1265 1153 1363 1218 ἀποτί-
1489 1237 1490 1244 ¹

315 1275 396 1314 σεται
418 1251 527 1334 ἀνδρῶν.
572 1249 647 1312 Non
669 1260 716 1312 est
737 1258 843 1310 autem
864 1244 990 1324 mirum,
1011 1265 1104 1330 saepe
1125 1241 1246 1307 utrovis
1266 1239 1361 1304 mode

315 1334 403 1422 loqui
417 1333 520 1413 licere,
534 1333 630 1398 modo
648 1331 766 1398 utervis
786 1355 844 1396 sua
860 1330 989 1419 propris
1002 1330 1034 1393 vi
1053 1343 1147 1416 aptus
1161 1329 1209 1392 sit.
1255 1328 1306 1390 Ut
1320 1325 1358 1389 Il.

317 1426 355 1486 K.
372 1423 446 1486 305.
462 1419 541 1484 διίτω
554 1425 612 1506 γὰρ
627 1419 775 1505 δίφρονιτε,
791 1417 844 1482 δύω
858 1421 882 1481 τ’
898 1417 1058 1504 ἐριαύχενας
1077 1417 1184 1493 ίππους,
1201 1413 1228 1478 οί
1240 1437 1286 1476 κεν
1301 1410 1363 1497 dp-
1489 1463 1490 1470 ,

318 1532 380 1572 στοι
396 1506 459 1572 έωσι
474 1508 532 1593 θοῇς
546 1507 589 1570 ἐπί
605 1507 695 1584 νηυσίν
705 1507 846 1589 Ἀχαιῶν,
859 1501 933 1579 ὅστις
948 1527 994 1566 κεν
1007 1501 1103 1581 τλαίη,
1115 1502 1139 1565 ol
1152 1503 1178 1563 τ’
1193 1504 1271 1585 αὐτῷ
1286 1501 1363 1574 κῦδος

316 1591 421 1681 σ’ίροιτο,
436 1598 502 1669 νηῶν
517 1590 661 1657 ὠκυπόδων
675 1593 776 1676 σχεδδν
790 1589 910 1672 ἐλθέμεν.
940 1587 1039 1666 Dicit,
1054 1589 1083 1651 si
1096 1588 1163 1672 (μνία
1176 1589 1301 1662 audeat,
1315 1585 1363 1647 in-
1489 1629 1490 1656 .

317 1691 439 1744 certum
459 1677 649 1765 relinquens,
664 1699 705 1740 an
724 1674 794 1741 telis
813 1676 942 1741 futurus
960 1673 1017 1738 sit:
1041 1673 1129 1761 quod
1143 1673 1252 1770 εἰσλήη
1268 1670 1362 1735 dixis-

318 1778 376 1845 set,
391 1765 443 1850 qui
449 1761 548 1846 fiserit
564 1784 665 1842 οιιουο,
681 1774 861 1860 exspectem
875 1785 908 1826 se
925 1759 1087 1840 iudiearet,
1102 1760 1181 1836 fore,
1196 1757 1362 1846 qu1aude-
1489 1805 1490 1808 .

318 1863 376 1916 ret.
412 1849 501 1916 Illud
514 1873 590 1914 vero
602 1871 774 1914 neeesssno
787 1846 956 1912 dicendum
970 1859 1047 1925 erat,
1063 1847 1091 1912 οί
1102 1869 1148 1912 κεν
1162 1841 1271 1930 ἄριστοι
1288 1843 1360 1921 ἔωσι,

320 1938 372 2023 qui
388 1937 496 2020 oprimi.
512 1937 623 2019 reperti
634 1933 775 2018 ρίωινῗιιίι
795 1956 870 2000 nam
890 1933 926 2012 si,
946 1932 1194 2020 optativo-usus,
1212 1930 1362 1994 dammim

319 2047 353 2088 se
366 2021 566 2110 promisisset,
583 2022 609 2086 si
623 2020 679 2109 qui
699 2031 802 2084 essent
821 2019 932 2107 optimi
952 2018 1003 2082 vel
1019 2031 1153 2106 possent
1171 2039 1249 2095 esse,
1268 2014 1364 2079 nemi·

318 2131 392 2174 nem
406 2120 471 2172 tam
485 2107 595 2172 incerti
612 2105 752 2196 proemii.
764 2128 820 2192 spe
840 2104 1051 2192 permovisset.
1097 2103 1159 2168 Od.
1174 2109 1215 2166 H.
1232 2105 1285 2168 33.
1302 2121 1364 2166 nou

319 2210 386 2260 erat
401 2193 475 2258 satis
488 2193 602 2258 idonea
611 2214 730 2271 cauma,
743 2213 842 2278 quere
856 2191 1023 2270 diceretur,
1035 2192 1087 2254 οὐδ
1099 2188 1310 2274 ἀγαπαζόμενοι
1325 2208 1366 2270 ρι-

319 2281 423 2360 λόουσ’,
439 2279 465 2354 ός
480 2283 505 2343 κ’
519 2279 635 2346 ἄλλοθεν
651 2279 739 2354 ἔλθοις
763 2277 941 2364 rectiusque
958 2277 992 2342 in
1012 2276 1111 2342 altera·
1127 2273 1260 2340 lectione
1280 2274 1366 2362 apud

322 2367 425 2432 Schol.
441 2365 532 2430 Harl.
549 2365 591 2430 ad
605 2370 643 2430 N.
660 2367 732 2435 119.
753 2363 971 2454 conjunctivus
990 2376 1047 2441 est,
1069 2362 1114 2426 ότε
1133 2362 1180 2438 κέν
1200 2386 1242 2436 τις
1261 2363 1364 2437 ίκηται.
1489 2343 1490 2360 ³

320 2457 359 2518 A.
376 2451 555 2521 147.,ὃ’ντινα
576 2451 626 2533 μέν
647 2454 692 2515 κεν
710 2453 758 2538 έᾷς
774 2451 872 2516 νεκύων
891 2448 1120 2527 κατατεθνηώτων
1139 2449 1260 2530 αίματος
1278 2445 1368 2510 ῶσσον

319 2539 392 2622 ἴμεν,
407 2538 450 2604 θδε
464 2564 506 2602 τοι
522 2539 648 2623 νημερτές
662 2536 756 2614 ἐνίψει·
777 2535 799 2623 ᾧ
814 2534 841 2598 δέ
857 2538 882 2600 κ’
897 2535 1064 2620 έπιφθσνέοις,
1081 2534 1126 2598 tu
1140 2560 1182 2597 τοι
1197 2535 1285 2597 πόλιν
1301 2533 1368 2596 είσιν

322 2626 438 2688 ὀπίσσω.
484 2623 584 2688 Valde
598 2621 736 2688 dubitari
754 2635 869 2710 potest,
884 2621 938 2700 sic,
953 2644 994 2685 on
1009 2619 1158 2708 ἐπιφθονέῃς
1173 2619 1317 2693 dederim
1342 2618 1366 2684 si

321 2710 509 2798 optativrmt,
523 2709 584 2773 hoo
598 2708 733 2787 dissuasi
747 2711 795 2773 σοι’
808 2709 965 2772 invideas.-
986 2706 1122 2793 oolloqui
1136 2706 1219 2770 enim
1234 2705 1367 2792 Ulysses

321 2819 394 2861 oum
407 2795 526 2860 umbris
538 2819 578 2859 cu
600 2795 695 2873 lebet,
707 2795 867 2882 quaesiere
903 2815 955 2872 ue,
970 2815 1033 2856 non
1066 2791 1205 2856 uomodo
1219 2809 1273 2856 ees
1285 2813 1369 2876 aroe-

275 2905 279 2914 ·
321 2897 380 2962 ret,
393 2883 448 2948 sed
458 2819 618 2970 quomodo
631 2881 817 2970 perduceret
830 2881 872 2944 ad
885 2817 1137 2966 colloquendum.
1163 2873 1226 2942 Sed
1241 2883 1281 2940 X.
1293 2881 1365 2942 443.

323 2969 467 3052 θεινέμεναι
477 2968 583 3051 ξίφεσιν
598 2969 768 3046 τανυήκεσιν,
784 2967 875 3032 εἰσόκε
888 2963 999 3030 πασέων
1010 2967 1110 3050 ψυχὰς
1125 2963 1305 3043 ἐξαφέλησθε,
1319 2967 1366 3027 καί
1489 3001 1490 3012 ι

322 3056 502 3120 ἐκλελάθωντ’
517 3053 688 3138 Ἀφροδίτης,
704 3053 757 3118 vix
775 3053 883 3132 hebet,
898 3073 963 3139 quo
985 3050 1181 3116 defendetur.
1226 3053 1369 3138 Apoets

231 3207 238 3218 ,
322 3142 497 3228 profectum
512 3153 592 3248 puto
603 3139 774 3217 ίκλελέθητ’.
797 3138 965 3204 Rntionem
979 3137 1075 3202 habet
1087 3136 1179 3214 illud,
1191 3141 1231 3200 0.
1241 3139 1316 3202 435.
1331 3137 1367 3214 είη
1489 3201 1490 3224 ,

321 3228 373 3307 μὲν
388 3228 436 3290 καί
450 3233 535 3303 τοῦτ,
549 3225 575 3288 εί
584 3250 631 3309 μοι
649 3225 766 3288 ἐθέλοιτέ
780 3252 827 3310 γε,
839 3233 946 3303 ναῦται,
963 3224 1033 3310 θριιορ
1047 3225 1226 3302 πιστωθῆναι,
1239 3221 1367 3301 οἰπήμονοί

321 3314 352 3392 μ’
368 3311 439 3374 οίκον
457 3309 589 3388 ἀπόξειιε
614 3310 669 3374 sed
683 3311 774 3375 valde
795 3310 953 3374 diversum
968 3322 1025 3388 est,
1041 3309 1128 3395 quod
1142 3309 1260 3395 legitur
1276 3309 1314 3373 Il.
1330 3315 1365 3374 Ψ.

323 3397 396 3466 893.
413 3400 486 3482 ἀτὰρ
506 3397 567 3481 δόρυ
587 3395 681 3482 Μηριί
694 3423 708 3482 η
719 3400 746 3474 ’ή
783 3406 795 3460 ἰ’
811 3397 946 3478 πόσωμεν,
963 3402 985 3459 εἰ
1000 3396 1036 3458 od
1051 3422 1086 3478 γε
1101 3393 1148 3480 τῷ
1163 3398 1237 3480 θυμῷ
1257 3398 1366 3470 ἐθέλοις·

198 3494 205 3510 ’
323 3481 442 3563 κέλομαι
457 3485 517 3566 γὰρ
531 3481 641 3564 έγωγεε
666 3504 709 3566 qu
767 3481 937 3545 modestiae
951 3496 1006 3546 est.
1041 3480 1122 3545 Vide
1135 3481 1207 3546 diss
1224 3481 1265 3545 de
1280 3497 1367 3568 prae-

322 3567 420 3655 ceptis
434 3566 655 3634 Atticistorum
668 3589 699 3653 p.
713 3569 763 3631 11.
810 3569 851 3630 In
872 3567 926 3632 illo
944 3590 1030 3645 vero,
1048 3573 1086 3631 K.
1102 3565 1176 3632 346.
1199 3572 1222 3630 εἰ
1246 3569 1269 3629 δ’
1291 3567 1367 3649 ἄμμε

230 3695 232 3700 -
322 3654 514 3740 παραφθαίησι·
530 3651 669 3732 πόδεσσιν,
684 3653 741 3737 μίεί
757 3679 804 3736 μιν
822 3653 901 3736 προτί
924 3659 987 3731 νῆας
1006 3654 1061 3717 όιπδ
1081 3652 1231 3739 οτρατόφιν
1252 3676 1367 3736 προτιει·

208 3773 210 3778 '
323 3744 392 3816 λῶν,
407 3739 572 3803 manifesto
585 3739 715 3804 vitiosus
730 3752 777 3804 est
790 3763 810 3804 o
832 3738 959 3818 tativus,
975 3751 1012 3802 ut
1025 3738 1059 3803 in
1073 3761 1107 3802 re
1121 3751 1209 3802 certo
1221 3739 1339 3803 futura.

367 3824 523 3924 Reliquae
537 3837 611 3890 sunt
624 3825 706 3890 duae
720 3825 798 3890 alise
866 3825 961 3891 uendi
975 3824 1104 3903 formae,
1117 3824 1289 3936 de'puibus
1303 3845 1365 3890 mo·
1489 3787 1490 3846 l

323 3911 418 3978 nendi
440 3925 556 3976 nrones
577 3910 647 3975 sint.
693 3913 770 3976 Una
790 3911 928 3983 cernitur
943 3912 976 3974 in
990 3909 1151 3998 ponticulis
1166 3935 1210 3973 m
1224 3915 1275 3992 μή,
1291 3931 1366 3998 que-

323 4022 395 4064 rum
417 3997 561 4086 exempla
580 3997 657 4062 haec
679 4011 754 4064 sunt
774 3998 861 4086 apud
878 4000 1074 4064 Homerum:
1099 3995 1138 4059 Il.
1154 4001 1193 4060 N.
1210 3999 1284 4066 317.
1300 3997 1365 4060 α’πό

324 4092 348 4149 οί
362 4083 597 4165 ἑσσεὶται,μσίλα
615 4085 666 4172 rip
685 4092 814 4167 μεμαῶτι
835 4082 994 4170 μάχεσθαι,
1014 4082 1106 4146 κείνων
1129 4083 1270 4162 νικήσαντι
1290 4081 1366 4166 μένος

324 4174 372 4234 καί
392 4174 494 4258 χεῖρας
514 4170 647 4250 ἀάπτους,
664 4175 726 4247 νῆας
749 4173 900 4254 ἐνιπρῆσαι,
917 4169 961 4234 dre
980 4173 1018 4245 μή
1034 4169 1116 4241 αιίτθς
1129 4195 1165 4252 γε
1181 4168 1302 4254 Κρονίων
1316 4171 1362 4250 tp.

323 4255 408 4335 βοίλυι
430 4255 566 4337 αίθθμινον
588 4257 671 4321 δαλδν
692 4256 785 4334 νήεσσι
808 4255 903 4341 θοήσιν.
949 4256 985 4322 Ξ.
1007 4257 1080 4322 247.
1104 4255 1188 4330 Ζηνὸς
1211 4257 1235 4316 δ’
1255 4259 1303 4317 οὐκ
1331 4251 1362 4314 όν

323 4342 415 4428 ἔγωγε
429 4340 571 4427 Κρονίονος
585 4339 673 4410 ἆσσον
689 4341 804 4426 ίιιοίμην,
820 4343 879 4406 οὐδέ
896 4342 1104 4424 κατευνήσαιμ’,
1121 4339 1165 4406 ὅτε
1179 4345 1222 4423 μή
1234 4339 1311 4413 αὐτός
1325 4361 1358 4423 γε
