3008 5056
330 347 395 413 154
687 343 940 411 EXCURSUS
963 345 1012 411 11.

326 517 482 608 gratia‘et
503 531 660 597 uenustas,
676 538 731 582 seu
749 513 868 582 utilitas
880 516 1017 582 metrica
1062 515 1197 582 Accedit
1210 514 1265 580 illa
1277 537 1371 604 quac·

327 605 398 684 atio,
422 627 488 692 quo
509 617 650 702 tempore
672 603 822 702 digvmmi
846 627 924 669 usus
947 603 1109 755 nffileotus
1129 602 1237 669 fuerit.
1282 604 1371 667 Haec

326 703 432 756 tamen
453 705 558 755 omum
578 711 642 754 non
663 690 723 754 nin
744 702 900 790 quatenus
913 714 952 756 ea
1021 692 1200 756 Homerum
1220 702 1370 780 spectant,

326 777 543 865 persequenda
555 775 631 840 mihi
646 797 712 841 esse
723 777 835 852 video3
858 776 957 876 idque
969 799 1008 840 eo
1021 777 1132 876 magis,
1169 801 1214 842 uo
1226 799 1275 855 ea,
1289 797 1370 863 quae

324 863 471 928 universe
484 864 525 927 de
539 861 698 950 digammo
711 862 866 952 disputari
882 863 985 942 video,
1000 799 1216 948 deficimtilsus
1237 861 1370 949 antiqui·

325 949 400 1014 tatis
413 949 622 1028 monimentis,
635 949 738 1014 fundo
751 948 865 1015 idoneo
883 949 1072 1038 plerumque
1085 964 1193 1014 carent
1206 961 1238 1014 et
1251 949 1294 1016 od
1308 971 1371 1014 me-

324 1057 377 1100 ras
389 1036 598 1186 coppectptraasn
605 1047 637 1100 et
658 1035 853 1187 affilffiiones
873 1035 1066 1186 redeffi’il
1088 1037 1371 1189 uritpsputprdeo·

248 1243 251 1254 =
324 1143 560 1273 itiliis?ratiiiiies
584 1143 706 1273 &iiius
728 1135 933 1296 insilitiiliqiies
956 1145 1231 1298 collilgciluprohaiide
1243 1145 1372 1274 amulii

322 1295 581 1360 contemnendus.

369 1383 454 1446 Cum
467 1380 501 1444 in
515 1393 583 1446 toto
595 1381 655 1446 hoc
672 1403 787 1468 genere
807 1379 980 1446 videndum
994 1381 1035 1446 sit
1047 1381 1152 1470 primo
1165 1380 1235 1445 loco
1246 1380 1288 1446 de
1302 1380 1371 1468 ipss

322 1466 1197 1636 {institututum

323 1650 466 1726 arguunt.
512 1639 575 1704 His
600 1639 688 1704 licuit
712 1662 772 1726 pro
791 1575 905 1704 'fuiiilacl
922 1639 981 1720 uti,
1003 1640 1054 1704 oui
1079 1576 1371 1728 superstmirgrentur

322 1725 394 1805 alia,
410 1726 455 1791 its
468 1738 506 1791 ut
520 1726 646 1791 tandem
665 1739 750 1790 certa
763 1737 885 1791 actutu
902 1726 1105 1814 pronuntiata
1125 1725 1276 1791 nonnulla
1295 1751 1370 1816 pro

321 1811 438 1892 ditent,
452 1834 535 1899 quae
548 1812 590 1876 ad
604 1811 665 1876 alin
677 1812 838 1877 transferri
850 1825 882 1877 et
895 1811 1044 1901 applicari
1057 1824 1192 1900 possent.
1237 1813 1369 1880 Institui

320 1898 431 1986 itaque
444 1919 596 1964 recemum
610 1919 725 1979 nouam,
740 1921 822 1986 quae
836 1897 995 1986 digamma
1007 1911 1064 1964 aut
1077 1912 1185 1987 aperte
1203 1900 1370 1988 postulant

318 1998 379 2049 aut
393 2006 458 2048 non
471 2005 569 2072 aegre·
575 1983 740 2049 admittere
753 1985 909 2049 videntur.

370 2071 468 2134 Usum
480 2069 588 2157 itaque
601 2071 751 2156 digammi
762 2073 796 2136 in
810 2071 982 2136 Hmnericis
1001 2070 1137 2158 aliquem
1151 2070 1257 2150 fuisse,
1272 2071 1368 2137 dubi·
1387 2109 1391 2118 ·

320 2156 382 2221 tari
393 2156 527 2243 nequit3
551 2156 623 2223 etsi
639 2158 816 2222 Homerum
837 2156 994 2245 appellare
1037 2156 1263 2244 lacet-poetam
1280 2159 1368 2224 Ioni-

321 2264 406 2323 cum,
422 2244 517 2307 Iones
530 2241 721 2330 antiquiores
730 2243 924 2331 digommum
938 2266 998 2307 usu
1013 2179 1225 2332 liequentasse
1239 2243 1368 2310 credere

320 2327 401 2393 licet.
436 2330 570 2394 Mature·
581 2341 686 2394 tamen
700 2327 850 2428 digammi
864 2351 957 2394 usum
971 2329 1053 2394 inter
1066 2343 1184 2418 poetas,
1201 2329 1256 2428 qui
1269 2330 1368 2396 hexa-

317 2427 422 2480 metro
436 2413 617 2494 utebantur‚
632 2415 812 2495 exolevisse,
827 2437 867 2480 ex
889 2439 927 2480 eo
948 2429 1089 2503 apparet,
1104 2415 1192 2504 quod
1212 2439 1246 2480 m
1265 2417 1365 2482 versi·

317 2500 381 2566 bus
395 2525 415 2566 a
428 2501 592 2590 rhapsodis
605 2501 639 2566 in
655 2501 826 2567 Homerica
844 2501 983 2568 carmina
1003 2501 1095 2572 illatis
1116 2501 1266 2590 digammi
1289 2525 1366 2592 neg-

318 2585 418 2652 lectus
441 2587 474 2650 in
496 2587 603 2652 oculos
627 2587 768 2667 incurrit,
790 2602 824 2653 et
847 2588 937 2654 haud
957 2611 1029 2654 raro
1049 2588 1247 2688 interpolatio
1264 2609 1307 2654 ex
1329 2615 1367 2656 eo

317 2671 388 2760 ipso
410 2672 555 2760 neglectu
580 2673 732 2760 arguitur.
777 2675 892 2762 Neque
916 2698 954 2740 ea
974 2697 1024 2740 res
1045 2674 1240 2740 mirationem
1261 2675 1366 2742 faeere

315 2771 432 2846 potest,
448 2759 546 2858 quod,
562 2759 650 2824 cultu
672 2759 821 2825 sermonis
842 2760 986 2848 politiore
1007 2760 1202 2841 succedente,
1223 2783 1365 2849 pronun-

317 2845 416 2926 tiatio,
433 2858 526 2910 etiam
539 2845 622 2909 inter
637 2846 742 2924 Iones,
757 2845 820 2911 fuit
832 2859 963 2912 mutata.
1491 2897 1492 2908 ,

359 2935 389 2998 Α
410 2931 566 3020 neglectu,
582 2953 677 3020 quem
694 2932 762 3020 jam
784 2932 866 2998 inter
879 2934 982 2998 lones
1002 2931 1198 3020 aliquantum
1219 2953 1365 3022 progres-
1491 2933 1492 2986 ἶ

313 3043 387 3086 sum
401 3043 467 3085 esse
480 3042 522 3107 ap
638 3018 737 3083 serius
750 3018 792 3082 ad
804 3019 1031 3106 ignorationem
1051 3019 1209 3085 adductus
1222 3031 1271 3084 est
1285 3043 1363 3086 usus

315 3106 474 3194 digammi.
551 3104 706 3171 esuevisse
719 3115 826 3172 autem
839 3128 968 3194 prorsus
981 3103 1122 3171 homines
1135 3105 1207 3170 usui
1221 3106 1363 3256 suspicor
1491 3121 1492 3144 ³

314 3193 462 3270 Athenis,
488 3189 586 3278 idque
610 3192 678 3280 jam
706 3203 787 3272 tum,
812 3215 886 3258 cum
916 3191 1085 3257 Homerica
1107 3192 1211 3280 primo
1231 3215 1271 3258 oo
1294 3206 1363 3260 ecta
1489 3226 1491 3235 ·

312 3278 425 3344 litteris
443 3277 593 3365 perscribi
614 3277 805 3366 coepissent;
833 3279 977 3358 Athenis,
991 3279 1131 3366 inquam,
1145 3278 1180 3343 in
1198 3301 1263 3366 qua
1282 3279 1362 3345 urbe
1491 3283 1492 3290 ’

311 3363 529 3465 pronuntiatio
549 3363 677 3429 omnino
690 3387 710 3429 a
723 3364 864 3438 molliore
878 3365 989 3452 spiritu
1003 3363 1139 3444 recessit,
1154 3364 1360 3464 inplerisque
1490 3376 1491 3392 ¹

312 3450 458 3540 spiritum
494 3473 640 3540 asperum
668 3449 865 3530 substituit⁸‚
893 3452 985 3539 cujus
1013 3473 1141 3538 quoque
1169 3473 1296 3539 signum
1326 3457 1359 3517 H

309 3538 450 3604 Athenis
471 3537 634 3604 inventum
647 3547 681 3602 et
692 3537 929 3626 frequentatum
943 3559 1009 3602 esse
1027 3537 1176 3624 suspicor.
1221 3537 1359 3604 Parscri-

310 3637 379 3714 pta,
392 3639 498 3690 autem
522 3623 634 3694 litteris
657 3623 797 3712 primum
820 3622 957 3689 Athenis
981 3623 1041 3688 sub
1067 3622 1190 3688 Solonis
1214 3636 1358 3712 tempora

309 3736 376 3778 esse
396 3710 534 3777 carmina
556 3711 736 3789 Homerica,
774 3710 912 3776 robabile
925 3711 962 3774 fit
976 3732 1015 3774 ex
1029 3708 1067 3774 iis
1085 3709 1160 3808 ipsis
1173 3709 1258 3789 locis,
1274 3733 1358 3798 quae
1489 3741 1491 3774 ι

308 3822 382 3868 cum
404 3797 467 3877 clii,
491 3809 560 3864 tum
581 3795 704 3864 doctiss.
768 3795 861 3862 ollius
883 3796 917 3861 in
943 3795 1175 3884 Prolegomenu
1196 3819 1358 3884 congesse-

325 4082 352 4110 ι·
368 4071 454 4132 ltaque
475 4066 550 4117 cuam
572 4079 670 4124 canaan,
689 4064 810 4178 epelata‘v,
851 4071 878 4114 st
887 4064 964 4114 Attici
973 4077 1085 4126 asperum
1095 4064 1354 4116 aribatimeruatmora

307 4139 338 4188 dc
354 4149 403 4200 quo
419 4133 467 4184 viri
484 4131 551 4182 docti
570 4130 765 4194 ad'Aaschyum
785 4137 812 4179 at
851 4143 903 4179 suo
936 4128 1055 4179 Produxit
1069 4135 1151 4178 auum
1167 4129 1285 4192 syllabam
1301 4130 1353 4192 spi-

306 4201 494 4264 Arlstophansm
505 4195 641 4260 disputant,
652 4195 762 4245 Atticum
773 4196 810 4244 fu-
850 4194 913 4245 ritu·
928 4209 999 4258 uper
1012 4208 1062 4244 non
1079 4194 1160 4242 minus
1170 4209 1244 4258 qnam
1254 4195 1350 4258 digam-
1482 4196 1488 4227 ¹

306 4268 371 4327 isse3
389 4279 438 4314 non
450 4281 469 4312 r
505 4266 582 4326 fuas.
596 4261 642 4310 hoc
653 4259 685 4309 ab
695 4261 811 4310 Aeolibus
851 4275 901 4309 ma.

306 4333 409 4394 aliisque
425 4281 604 4393 anticiirioribus
620 4325 691 4375 scribi
708 4325 810 4386 debuit3
1001 4369 1003 4374 ,
