2998 5052
327 341 392 414 296
696 341 1009 408 EXCURSUS‘V.

328 529 376 584 ter
396 537 428 582 se
445 511 556 580 similia
575 511 607 580 in
629 535 729 580 unum
751 512 951 602 complexum
964 507 1376 600 eamtempreheumd

329 625 429 672 unum
442 600 641 688 eundemque
654 615 814 668 auctorem
831 599 889 666 etsi
906 623 963 666 nee
983 598 1107 666 nomine
1121 598 1195 666 setis
1209 609 1322 664 notum
1335 619 1375 662 ea

325 711 456 778 coepere
477 687 596 769 referri,
610 685 707 778 idque
728 709 841 754 nomen
863 685 954 752 unice
975 685 1132 753 celebrari.
1175 685 1236 764 Ita,
1250 705 1377 771 quaes

327 774 496 850 venerabili
520 774 581 847 isto
599 787 709 842 vatum
729 773 910 842 Ionicarum
934 774 1031 840 choro
1051 787 1087 840 ac
1107 785 1261 842 concentu
1283 783 1375 841 eram

327 861 466 940 recitata,
480 883 554 931 cum
575 885 613 926 ea
633 861 813 950 singulatim
836 883 952 950 sparse,
967 861 1058 928 facile
1073 860 1214 950 peritura
1227 856 1374 935 fuissent,

329 949 463 1016 Homeri
476 947 594 1020 nemim
609 961 759 1048 tanquam
774 971 861 1018 sacro
874 947 963 1016 clavo
976 947 1080 1027 affixa,
1094 944 1289 1014 memorabili
1310 944 1375 1012 for-

327 1047 423 1110 tunae
443 1033 594 1107 beneficio
616 1035 657 1100 ab
678 1035 807 1102 interitu
829 1048 903 1102 suut
922 1047 1059 1102 servata:
1081 1048 1178 1122 atque
1193 1032 1239 1098 ita
1252 1032 1375 1131 factum

326 1136 385 1202 est,
401 1133 438 1188 ut
460 1133 609 1208 tanquam
629 1122 707 1188 serie
728 1134 760 1190 et
779 1135 889 1190 catena
901 1135 1066 1212 perpetua,
1081 1136 1259 1208 temporum
1282 1141 1377 1186 serto-

326 1232 400 1277 rum
413 1207 590 1274 litteratura
605 1209 647 1288 ab
665 1232 703 1274 eo
721 1221 797 1296 apta
817 1233 854 1274 ac
872 1231 955 1276 nexa
975 1209 1026 1288 sit,
1041 1207 1167 1274 viuculo
1180 1205 1288 1294 aliquo
1302 1205 1378 1272 sub-

327 1295 375 1372 tili
389 1317 447 1360 nee
461 1294 599 1383 cujusvis
619 1293 783 1384 adspectui
796 1294 901 1375 obvio,
916 1295 1008 1362 simili
1021 1294 1081 1360 illis
1095 1297 1203 1378 imparis
1215 1295 1378 1372 Ἡφαιστο-

326 1383 461 1462 τεῦκτοις,
476 1405 557 1492 gnos
573 1395 667 1472 poeta
687 1394 840 1449 memorat
854 1381 967 1470 Odyss.
983 1389 1024 1448 Θ.
1041 1384 1105 1450 art
1120 1403 1187 1490 sqq.
1209 1380 1374 1468 ἀρρήκτους,

326 1468 457 1548 ἀλύτους,
473 1469 529 1552 opp‘
542 1467 654 1552 ἔμπεδον
665 1469 724 1534 αὖθι
735 1468 1035 1553 μένοιεν-δέσματα,
1050 1466 1108 1548 ἠΰτ’
1118 1471 1256 1554 ἁραχνια,
1268 1469 1374 1544 λεπτὰ,

328 1555 367 1620 τά
383 1558 409 1620 κ’
424 1553 456 1620 οὔ
468 1581 499 1618 τε
513 1581 556 1632 τις
570 1557 629 1621 οὐδὲ
643 1554 726 1622 ἴδοιτο
741 1557 800 1622 οῦδὲ
815 1557 878 1622 θεῶν
890 1556 1035 1643 ascripsit.
1367 1615 1370 1626 .

370 1644 501 1722 Verum,
516 1641 573 1708 etsi
592 1641 793 1724 brevissimis,
807 1641 1029 1732 exponendum
1048 1655 1152 1708 tamen
1166 1651 1215 1707 est
1228 1637 1378 1704 disertius

326 1725 367 1796 de
383 1727 433 1808 iis,
447 1752 529 1815 quae
543 1752 563 1794 a
576 1739 726 1796 vetustate
745 1751 845 1796 reram
863 1740 895 1796 et
912 1730 1055 1796 carnonis
1075 1727 1211 1794 maxime
1229 1725 1375 1813 profecta

327 1814 455 1880 suntin
477 1815 622 1882 carminis
641 1815 753 1884 laudes
774 1829 937 1904 tantopere
951 1813 1136 1885 cumrdatas.
1179 1814 1254 1900 Ipsa
1265 1809 1378 1878 videli-

327 1913 377 1978 cet
402 1901 594 1988 antiquitatis
613 1903 722 1989 religio
742 1903 854 1972 animis
874 1902 1039 1980 hominum
1062 1900 1166 1980 insita,
1187 1899 1254 1966 vita
1275 1895 1378 1964 homi·

326 2009 405 2061 num
427 1987 461 2052 in
481 1988 592 2076 primis
612 1989 752 2060 cultioris
770 1990 853 2058 vitae
872 1989 1025 2077 gradibus
1045 1987 1300 2064 constitutorum,
1319 2007 1377 2052 sua

326 2072 524 2162 simplicitate
537 2089 569 2142 et
583 2087 715 2144 naturae
728 2076 858 2145 veritate
871 2077 1008 2164 plausus,
1023 2098 1096 2144 cum
1116 2073 1195 2163 ipsa,
1210 2095 1311 2160 quam
1329 2071 1377 2138 di-

325 2159 436 2239 cimus,
451 2162 575 2252 generis
587 2161 718 2228 humaui
731 2162 874 2242 infantia,
889 2163 990 2236 oratio
1009 2161 1159 2251 mythice,
1174 2182 1257 2249 quae
1274 2171 1345 2226 tota
1358 2183 1378 2224 a

326 2246 468 2312 sensibus
489 2247 653 2320 oculorum
715 2248 722 2261 '
759 2248 765 2262 '
792 2273 832 2316 ue
853 2251 981 2338 pendet,
996 2248 1290 2334 mrraticuibusque
1304 2269 1377 2312 eon·

326 2333 445 2401 sinetur
459 2357 566 2400 rerum
579 2359 600 2400 a
613 2358 706 2402 sensu
719 2348 752 2402 et
765 2359 787 2424 p
810 2337 930 2405 antasia
941 2337 1108 2402 ductarum
1118 2332 1374 2410 adumbratione3

325 2420 508 2508 mythorum
531 2436 646 2492 natura
668 2422 809 2492 sensibus
829 2423 1025 2512 impellendis
1045 2420 1290 2499 accommodata,
1312 2443 1377 2486 ma-

326 2506 411 2572 xime
425 2508 513 2596 quod
526 2532 600 2575 cum
613 2509 684 2598 ipso
696 2509 860 2578 hominum
874 2522 948 2580 ectu
962 2523 994 2576 et
1007 2507 1103 2578 rebus
1120 2508 1216 2597 gestis
1236 2505 1376 2594 copulati

326 2592 372 2660 illi
386 2607 472 2672 sunt,
486 2619 596 2662 eorum
620 2619 659 2662 ue
674 2597 829 2665 enarratio
849 2621 923 2665 cum
944 2597 1078 2663 candore
1095 2609 1160 2662 tam
1174 2595 1312 2684 ingenue
1328 2595 1375 2659 fa
1494 2669 1495 2674 γ

325 2689 387 2759 cta,
402 2694 440 2747 ut
460 2695 586 2772 poetam
597 2619 684 2751 ineo
704 2683 810 2752 omnia
831 2697 981 2773 tauquam
996 2707 1071 2750 vera
1087 2682 1196 2750 hahita
1217 2703 1292 2748 cum
1311 2681 1376 2748 lide

325 2789 362 2832 ac
376 2767 576 2855 persuasione
595 2769 742 2859 persequi
755 2770 880 2848 vidms3
903 2781 978 2840 nata
991 2795 1031 2840 ex
1046 2770 1177 2837 deorum
1194 2768 1374 2837 interventu

324 2852 481 2928 factorum
495 2870 641 2924 naturam
661 2858 832 2927 humanam
854 2859 1069 2948 superantium
1087 2854 1321 2946 probabilitaez'
1335 2865 1374 2920 ex

325 2963 426 3028 eaque
438 2941 562 3013 miratio
576 2957 713 3015 mentem
731 2945 939 3026 audientium,
954 2945 1168 3034 expectatione
1189 2955 1374 3010 eventorum
1493 2981 1494 2986 κ

324 3027 474 3095 continua
498 3044 649 3098 arrectam
674 3043 799 3102 tenens:
827 3033 915 3114 haec,
938 3032 1079 3133 inquam,
1105 3029 1287 3130 adspersere
1310 3052 1374 3096 car-

324 3113 402 3182 mini
415 3114 473 3180 has
486 3115 655 3197 illecebras,
670 3141 728 3187 seu
741 3119 934 3208 praestigias,
946 3121 1063 3208 quibus
1077 3117 1199 3186 delimti
1212 3131 1370 3192 tenemur3

324 3223 382 3299 per
400 3226 480 3290 quas
498 3203 692 3276 occultailla
712 3205 801 3294 iynx,
817 3229 899 3306 quae
920 3206 1049 3276 carmini
1062 3204 1187 3284 insidet,
1203 3227 1261 3270 nos
1274 3203 1318 3271 ad
1330 3203 1372 3270 le-

323 3299 459 3360 cuonem
473 3303 615 3366 revocem
639 3303 709 3358 tum
731 3293 916 3362 mnasonis
937 3292 1116 3381 simplicitas
1129 3303 1161 3356 et
1175 3291 1315 3358 suavitas
1332 3291 1371 3358 ad

324 3377 699 3475 eventumproperantis,
717 3391 840 3448 mutato
860 3403 918 3468 per
939 3392 1122 3448 eventorum
1143 3377 1370 3444 vicissitudines
1491 3445 1492 3448 ,

323 3458 393 3547 ipsc
412 3473 559 3528 orationis
577 3462 691 3545 colore,
711 3488 807 3534 cursu
827 3489 886 3555 per
905 3467 1103 3536 hexametros
1123 3487 1197 3531 cum
1214 3464 1370 3552 'gravitate

324 3557 381 3614 aut
404 3545 560 3616 celeritate
583 3549 719 3628 variato3
743 3553 995 3643 narrationeper
1015 3553 1120 3642 ipsum
1138 3575 1246 3618 rerum
1265 3566 1369 3620 actum

324 3632 453 3714 detexta
472 3648 505 3703 et
525 3635 624 3707 oeulis
641 3639 793 3738 suposita,
809 3654 846 3710 ut
861 3641 918 3729 qui
932 3654 1037 3708 neret
1049 3640 1118 3728 ipse
1131 3637 1253 3726 agentis
1265 3652 1368 3726 partas
1490 3671 1491 3682 ³

323 3719 475 3788 sustinere
498 3721 713 3806 videatur,1ta
732 3739 769 3794 ut
791 3727 902 3796 drama
922 3727 985 3816 agi,
1005 3750 1068 3792 non
1089 3725 1255 3792 memorari
1275 3725 1366 3804 sm,

323 3819 435 3896 putesst
458 3809 536 3880 dum
550 3834 600 3876 res
656 3836 709 3880 rro
722 3837 762 3880 ex
777 3827 908 3880 naturae
921 3814 1051 3882 veritate
1067 3812 1143 3903 ipsis
1155 3836 1215 3901 pro
1238 3811 1293 3880 riis
1307 3814 1367 3880 for-

323 3893 383 3962 mis
396 3908 429 3962 et
442 3895 556 3965 nativis
576 3898 733 3972 acoribus
754 3900 943 3982 redduntur,
959 3913 997 3970 ut
1010 3924 1062 3968 aas
1074 3914 1148 3966 ante
1161 3923 1199 3968 oc
1234 3923 1269 3966 os
1287 3899 1366 3988 posi-

322 3991 371 4049 tas
395 3983 561 4053 arbitreris
606 3987 680 4052 Hae
707 3987 885 4074 praeclarae
907 3987 1053 4056 carminis
1079 3988 1168 4054 dotes
1196 3986 1366 4054 ehamuum

322 4068 423 4148 nobb,
438 4070 471 4140 in
493 4082 581 4138 tauta
596 4071 690 4152 vitae,
704 4074 888 4162 opinionum
909 4089 942 4142 et
958 4074 1162 4164 judiciorum,
1178 4073 1364 4151 diversitate,

322 4154 516 4244 voluptatem
531 4152 693 4238 instillent,
707 4173 739 4226 et
754 4161 949 4229 mirationem
968 4162 1168 4251 exprimunt;
1192 4159 1365 4226 humanita-

322 4239 364 4304 tis
388 4242 576 4314 incunahula
597 4245 722 4335 cupide
735 4247 894 4338 discimus,
909 4261 941 4316 et
963 4248 1107 4316 historias
1127 4248 1272 4338 antiquas
1292 4245 1363 4312 alio-

322 4348 395 4394 rum
424 4331 625 4420 populorum,
654 4332 751 4404 libros
784 4359 886 4404 sacros
916 4337 1137 4404 Hebraeorum
1166 4334 1362 4422 antiqrrioree
