2998 5052
485 371 555 438 nu
576 371 728 440 minu
749 375 791 438 o.
943 343 946 350 ’
1102 379 1165 448 air

116 543 175 610 nisi
190 555 266 610 ante
280 557 390 621 mrem,
406 542 603 633 simplicitate
617 545 723 612 nodva
737 567 769 610 se
783 543 1043 628 commendantia,
1058 549 1172 618 adosse

116 645 260 718 muna
308 629 340 695 Si
363 629 426 696 tale
446 631 608 720 ingenium
629 632 744 700 nostris
762 634 918 702 nunnus
931 635 1107 724 prodiisset,
1122 661 1169 706 ss·

117 731 186 782 sent
201 717 295 796 forte,
311 741 393 805 quae
414 717 614 784 mirationem
631 719 825 796 minuerem
848 733 882 788 at
903 722 976 788 rudi
992 722 1053 790 ista
1065 735 1168 792 aetate

116 804 282 892 ingenium
295 804 440 892 quamvis
453 805 597 872 divinum
618 829 683 872 non
704 820 809 873 tamen
830 820 918 876 tante
938 809 1088 878 felicitate
1101 833 1169 878 esse

117 892 236 979 potuit,
252 903 290 956 nt
311 891 400 956 dotes
421 906 453 957 et
473 915 605 960 mmiers
625 893 807 960 futurarum
825 907 975 978 ametinn,
989 908 1089 964 arun
1103 897 1173 964 cul-

119 991 255 1066 tumque
261 977 452 1130 1politiorem
473 979 664 1068 praeriperet
677 994 709 1046 et
724 980 869 1068 pluribus
884 982 1014 1048 saeculis
1027 995 1169 1052 anteum-

119 1078 210 1132 teret.
294 1088 335 1130 on
360 1066 428 1153 jam
457 1065 706 1134 commemorabo
734 1067 945 1156 episodiorum
974 1084 1170 1149 contextum,

118 1175 270 1218 verrinum
292 1175 471 1232 numerum,
490 1177 585 1241 quem
607 1153 734 1242 ingenio
756 1168 788 1220 et
809 1157 959 1222 memoria
976 1157 1098 1246 primus
1118 1156 1172 1224 ille

119 1251 236 1306 auctor.
252 1238 415 1327 concipere
435 1265 472 1306 ac
492 1239 625 1306 retinere
646 1241 767 1321 debuit,
784 1242 809 1306 si
830 1255 934 1308 totum
952 1267 1028 1331 epos
1045 1266 1171 1331 proero-

119 1349 188 1392 nsse
201 1325 392 1393 venditatur.
438 1329 519 1393 Sane
540 1327 670 1427 quidem
683 1328 709 1392 si
723 1351 772 1394 res
786 1327 849 1394 fide
863 1328 997 1417 alicujus
1010 1329 1172 1418 scriptoris

120 1413 261 1500 aequalis
275 1414 325 1480 vel
346 1425 447 1480 aetate
467 1413 603 1502 proximi
625 1413 740 1480 tradita
760 1439 797 1482 ac
819 1416 943 1482 limata
963 1429 1053 1497 esset,
1069 1417 1174 1504 arogis

119 1499 278 1566 lubricum
299 1514 379 1566 esset
395 1501 571 1588 judicium
594 1500 754 1568 enimvero
767 1525 832 1568 non
848 1501 964 1568 tradita
977 1525 1027 1568 res
1040 1517 1098 1581 est,
1113 1503 1170 1568 sed

120 1587 242 1652 credita
262 1588 303 1654 ab
325 1611 363 1652 eo
385 1587 524 1676 primum
547 1599 699 1676 tempore,
743 1611 787 1654 uo
809 1611 976 1689 compages
1003 1589 1113 1657 Iliadis
1136 1603 1172 1656 et

121 1672 283 1761 Odysseae
296 1673 451 1748 innotuit;
475 1673 501 1740 si
522 1673 563 1740 de
584 1674 736 1762 superiori
758 1699 796 1742 us
810 1676 1004 1764 temporibus
1018 1699 1174 1744 memora«

121 1772 187 1836 tur,
201 1759 397 1848 rhapsodias,
413 1783 477 1824 non
499 1759 585 1840 Ilias,
601 1783 664 1826 non
686 1785 772 1849 epos,
792 1761 1008 1862 antiquiorum
1029 1785 1172 1828 sermone

120 1845 373 1932 frequentantur.
419 1846 549 1912 Credita
561 1859 668 1913 antem
681 1871 731 1912 res
745 1861 792 1914 est
805 1849 847 1914 ab
860 1849 898 1914 iis
910 1848 1103 1929 hominibus,
1112 1849 1171 1938 qui

121 1933 226 2000 eidem
252 1935 394 1998 Homero
417 1946 465 1999 tot
489 1933 550 1998 alia
571 1933 709 2000 carmina
731 1935 820 2000 cultu
842 1935 1018 2024 habituque
1036 1935 1117 2002 inter
1137 1959 1175 2000 se

121 2043 252 2108 prorsus
265 2019 389 2087 diversa
402 2043 438 2084 ao
453 2019 613 2085 dissimilia
627 2019 824 2090 tribuerunt:
848 2046 985 2111 quorum
1007 2037 1170 2090 recensum

121 2108 209 2206 apud
226 2107 408 2175 Fabricium
424 2105 449 2172 si
462 2105 645 2196 inspexeris,
658 2108 713 2173 viii
728 2109 827 2176 oculis
844 2109 963 2188 credes,
978 2122 1098 2174 tentam
1112 2109 1172 2176 ori-

121 2194 406 2294 ncesimperitiam
427 2194 509 2260 inter
524 2195 674 2274 Graecos,
695 2195 823 2262 meliore
836 2219 964 2284 quoque
978 2209 1090 2274 aetate,
1105 2218 1174 2264 esse

165 2294 270 2346 tuisse.

104 2305 341 2434 'poRestsntit
384 2389 424 2432 ue
438 2366 551 2453 reliqui
565 2367 630 2431 duo
645 2366 740 2446 modi,
756 2389 836 2466 qnos
855 2367 1009 2434 diximus:
1034 2390 1172 2455 quorum

122 2453 202 2518 ulter
215 2469 293 2534 eret,
309 2467 347 2520 ut
383 2453 517 2542 escripta
538 2466 662 2520 tantum
683 2476 703 2517 a
723 2475 826 2541 primo
844 2469 971 2520 stratore
985 2478 1051 2520 esse
1065 2453 1175 2522 creda-

123 2555 178 2605 tur
191 2540 337 2606 carminis
350 2561 483 2618 summe,
499 2561 721 2627 summumque
742 2554 983 2626 argumentum
1007 2554 1045 2606 ut
1058 2541 1099 2606 ab
1113 2540 1173 2606 ini.

123 2627 169 2692 tio
183 2650 307 2694 cannmi
321 2627 418 2692 fuerit
434 2627 510 2692 Ilias
519 2627 625 2714 justae
639 2625 729 2694 molis
750 2625 894 2714 tantique
907 2627 1038 2706 moduli,
1054 2627 1110 2714 qni
1124 2627 1174 2692 in.

123 2713 209 2802 genii
230 2714 361 2780 humani
385 2713 502 2778 finibus
523 2713 711 2793 continetur,
734 2713 786 2778 cui
808 2713 906 2780 serius
927 2714 1060 2780 insertae
1082 2715 1173 2784 fuere

123 2800 202 2866 aliae
215 2814 330 2889 partes,
346 2799 463 2888 quibus
483 2799 598 2900 partim
618 2800 689 2900 ipse
709 2799 790 2866 actio
811 2800 958 2887 primaria
977 2801 1111 2889 amplius
1125 2801 1172 2868 in-

125 2901 244 2954 structa
257 2887 392 2954 decursu
406 2887 548 2975 longiore
563 2899 809 2966 continuaretur,
824 2887 939 2974 partim
1000 2887 1107 2958 isodiis
1127 2887 1172 2952 lo-

16 3023 19 3030 ,
124 2973 346 3062 cupletaretur.
394 2972 517 3040 Scilicet
534 2970 633 3070 fingat
647 2973 705 3040 sibi
719 2973 760 3038 ali
783 2973 832 3038 nis
845 2986 925 3039 ant
1003 2973 1172 3040 sAcbivo-

124 3083 197 3126 rum
219 3084 259 3126 ex
281 3059 422 3126 absentia
440 3059 584 3139 Achillis,
599 3072 656 3126 sut
677 3059 758 3128 Ach'
785 3059 811 3126 's
830 3059 909 3124 bein
970 3082 987 3123 r
1009 3083 1042 3126 se
1063 3059 1171 3140 solam,

124 3147 262 3216 carmine
282 3147 379 3214 fuisse
399 3159 593 3222 enarratam
616 3148 777 3214 accessisse
791 3146 919 3212 seriusr
950 3145 1034 3234 'qua
1049 3147 1173 3235 interje-

124 3235 183 3302 ctis
204 3234 255 3300 vel
276 3234 405 3322 adjectis
425 3233 572 3322 iis‚quae
592 3257 790 3300 cumrerum
804 3255 927 3298 minima
941 3249 973 3298 et
986 3247 1174 3322 argumento

124 3320 291 3387 convenire
312 3321 504 3386 viderentur.
548 3322 631 3385 Rem
652 3320 697 3386 ita
717 3343 870 3399 narrares,
888 3341 1004 3408 magna
1021 3345 1060 3386 ex
1083 3334 1173 3420 parte

125 3408 228 3496 magis
239 3407 434 3496 probabilem
454 3408 559 3506 priore
578 3407 743 3507 opinione3
767 3406 929 3505 molestam
948 3419 1053 3474 tamen
1067 3420 1099 3472 et
1117 3429 1175 3474 mi-

125 3518 187 3562 nus
208 3494 402 3594 probabilem
424 3493 491 3560 alus
513 3494 554 3562 de
574 3517 698 3560 caussis
744 3496 797 3560 Ita
813 3507 966 3592 enrmuaut
980 3493 1174 3593 credendum

126 3580 1075 3736 mlmnttmlfffflmfflffiffl
1088 3603 1175 3680 Ψ

126 3692 384 3822 deretaiibitatem
389 3691 582 3841 sbirguiienti
596 3753 745 3820 varietate
759 3714 864 3820 tamen
878 3775 984 3820 rerum
998 3767 1031 3818 et
1044 3689 1174 3820 mis

373 3854 405 3907 et
430 3840 661 3928 amplificatam,
686 3841 728 3906 ad
752 3840 928 3927 perlectum
949 3837 1079 3926 aliquod
1099 3839 1175 3908 anis

161 3931 167 3944 '
230 3928 278 3996 ''s
299 3952 380 4020 opus
401 3927 531 4028 perduci
552 3949 653 4015 posse,
670 3939 727 3992 aut
749 3925 937 4026 sumendum
955 3938 1002 3992 'est
1019 3925 1117 4026 altera
1134 3949 1174 4024 en

104 4063 105 4072 η
127 4031 228 4108 pute,
243 4028 465 4168 arginnepltinn
488 4013 632 4114 simplex,
651 4027 829 4082 nmranone
847 4036 941 4080 umen
959 4011 1035 4083 facti
1053 4023 1109 4076 aut
1130 4035 1176 4078 ret

128 4103 728 4286 ffiffl'dnffimdblffi
747 4125 805 4190 μ’
823 4122 985 4284 {dli}
997 4112 1176 4284 bibl&

128 4279 190 4344 bus
211 4278 283 4344 locu
306 4275 448 4353 letatum,
462 4285 507 4374 ut·
521 4273 671 4374 prodierit
688 4299 764 4364 epos
853 4273 1073 4371 pertibussurs
1087 4271 1176 4338 abso

129 4366 244 4456 lutum.
320 4385 409 4430 mum
431 4375 510 4428 tanti
532 4361 672 4432 musculi
695 4385 752 4427 nec
776 4359 872 4430 ullam
894 4381 1105 4447 suspicionem.
1121 4357 1176 4426 ab·
