3008 5056
530 309 600 383 AD
621 309 771 384 1L1sD.
794 311 831 386 Σ..
856 313 939 380 m-
1189 315 1252 388 let

204 480 256 574 *ᾖ
272 479 407 552 ollem
428 481 629 568 προσηλωμένας
647 486 689 569 τῷ
709 482 801 558 σάκει.
824 481 870 562 ita
888 479 1003 550 scilieet
1016 481 1146 636 inlelllgl
1160 497 1252 584 puta-

197 565 488 721 ¹qqqaqssettoteltqtarrst
500 580 605 656 poeta,
620 582 752 658 nuptam
767 569 895 636 ductam
909 591 967 657 per
979 569 1096 651 fortan,
1114 639 1117 646 ,
1134 594 1217 637 omm

250 737 324 812 Etsi
337 699 413 806 vero
430 739 617 830 haecchpoi
635 743 796 826 descriptio
812 743 935 826 poetico
947 753 1012 808 est:
1036 754 1083 808 est
1096 766 1134 810 ea
1147 755 1251 812 umen

201 845 305 924 operte
317 826 484 908 ortssocti,
500 840 537 894 ut
546 829 620 916 jure
633 829 742 916 quaeri
756 825 865 918 possit,
881 829 954 915 qai
967 829 1094 896 taudem
1108 830 1185 896 illud
1194 829 1252 914 fia-

201 919 275 990 esu,
290 914 371 996 quod
384 923 456 980 ante
469 915 569 981 oculos
583 917 738 982 habuerit:
761 918 834 982 Aut
852 915 936 981 dices
956 915 1053 980 fuisse
1067 939 1177 992 verum
1196 917 1251 982 ali-

199 997 294 1096 quod
307 1021 399 1087 opus,
414 1000 465 1065 vel
484 999 513 1068 ei
531 1000 641 1080 simile,
656 1002 744 1101 quod
756 1001 889 1082 viderat,
904 1014 961 1067 aut
979 1025 1045 1068 esse
1064 1025 1186 1068 merum
1205 1003 1252 1071 in-

141 1135 143 1144 “
197 1087 1067 1263 ffiffl‘lffsffittlhslfflid
1075 1089 1253 1244 iffi}

198 1271 422 1356 proposuerat,
443 1259 596 1328 effinxisse
614 1274 740 1349 poetam
758 1283 882 1328 neeesse
900 1274 955 1328 est
1001 1263 1085 1328 Nam
1099 1262 1252 1351 quicquid

198 1343 421 1498 fin‘⁸²¹¹¹¹¹⁸'ii
437 1346 1252 1504 ‘ilffi‘tfflt‘hdtlhldtoeffllltt

192 1444 820 1619 ffirffmt’ufflcgnoepmmqlgte·
865 1459 1001 1621 cogit'ui
1014 1521 1121 1621 itaque
1135 1546 1175 1588 ex
1189 1521 1249 1604 his,

191 1626 270 1692 Jam
283 1616 364 1683 tum,
380 1629 452 1672 cum
466 1621 561 1695 poeta
573 1606 711 1696 clipeum
723 1607 857 1674 Achillis
878 1631 982 1676 ammo
996 1622 1182 1698 conciperet,
1197 1633 1257 1674 ex«

199 1690 304 1759 titisse
335 1691 451 1780 clipeos
482 1693 626 1775 caelatos,
656 1717 772 1783 magna
803 1707 1061 1783 argumentorum
1090 1695 1250 1777 varietate,

197 1777 339 1865 ideoque
353 1779 422 1866 jam
437 1794 469 1846 et
481 1780 641 1846 elaborata
660 1795 747 1858 arte3
771 1793 839 1860 sut,
855 1781 880 1846 si
894 1781 1021 1863 dixeris,
1043 1805 1107 1847 non
1128 1805 1251 1850 necesse

198 1863 313 1944 fuisse,
328 1877 367 1933 ut
385 1865 462 1935 tales
480 1867 572 1956 clipei
591 1880 747 1948 extarent,
767 1868 905 1956 potuisse
926 1867 1115 1946 caelaturam
1136 1867 1252 1938 alicubi

198 1951 267 2018 alio
287 1952 320 2021 iu
341 1971 436 2042 opere
455 1955 999 2043 compecomadclipeumapoeta
1017 1955 1253 2035 bundenum-

198 2052 326 2190 qmtur,
348 2039 457 2106 saltem
480 2054 545 2106 tam
565 2041 678 2110 doctae
702 2041 777 2108 artis
795 2064 896 2129 ,opera
914 2039 982 2129 jam
1006 2053 1075 2108 tum
1100 2041 1250 2110 extitisse.

235 2125 322 2205 erbo,
337 2125 456 2228 clipeus
469 2127 638 2200 Achillise
654 2140 749 2216 poete
769 2128 847 2216 fingi
868 2127 999 2215 nequiit,
1019 2127 1080 2194 uisi
1090 2131 1165 2216 jam
1187 2138 1251 2194 tum

197 2213 312 2280 similit
332 2213 456 2293 στέψαι
475 2237 568 2298 opera
590 2224 749 2283 esrareru:
769 2237 978 2301 qrmecunque
996 2215 1124 2282 tamdem
1138 2214 1192 2280 ills
1205 2239 1251 2282 es-

163 2465 171 2476 ·
246 2387 272 2450 J
272 2409 323 2453 um
336 2399 454 2466 autem,
469 2411 504 2454 re
523 2388 568 2454 ita
586 2388 767 2469 constituta,
782 2388 924 2476 quaestio
945 2387 1105 2454 suboritur
1125 2400 1159 2452 et
1179 2411 1251 2486 gra-

197 2471 328 2545 vissima
351 2485 384 2538 et
406 2473 599 2554 difficillima,
621 2497 706 2564 quae
729 2498 804 2540 cum
827 2473 957 2540 historie
981 2474 1109 2562 originis
1133 2487 1249 2538 arbium

196 2559 285 2629 inter
311 2561 448 2628 Graecos
473 2561 627 2632 artissimo
649 2560 776 2627 vinculo
798 2561 966 2648 conjuncta
989 2573 1045 2626 est.
1090 2560 1251 2648 Quicquid

199 2645 288 2712 enim
303 2646 389 2712 dees
403 2646 437 2713 di
474 2661 594 2728 utatur,
607 2671 647 2714 ex
660 2647 720 2724 hac
734 2647 869 2714 maxime
879 2646 971 2736 clipei
984 2646 1103 2713 fabrica
1117 2647 1250 2718 ductum
1342 2707 1345 2712 Δ

198 2745 263 2811 est,
278 2732 411 2820 ideoque
453 2801 458 2808 ,
482 2733 617 2800 Homeri
636 2734 854 2802 auctoritatam
875 2733 1072 2824 provocatur.
1118 2737 1184 2800 Pro
1198 2757 1251 2799 ex-

195 2819 326 2971 Elorato
346 2819 430 2886 enim
451 2820 595 2888 habitum
617 2832 675 2900 cst,
691 2821 844 2909 quicquid
861 2821 895 2884 in
909 2820 1088 2886 Homericis
1108 2819 1257 2884 carmini.

225 2929 264 2970 us
277 2917 478 2988 memoratur,
488 2907 747 2996 quandoquidem
758 2909 937 2972 Homerum
950 2920 1110 2972 auctorem
1123 2905 1249 2986 habeat,

197 2991 246 3060 ad
268 3004 409 3080 tempora
428 2993 644 3082 antiquissima
664 3017 730 3058 esse
751 2993 969 3067 referendum
994 2993 1101 3079 itaque
1123 2991 1252 3057 inventa

199 3078 320 3148 ulium
337 3079 378 3147 ab
396 3078 506 3156 iisdem
526 3080 681 3158 aetatibus
702 3103 736 3144 re
778 3079 873 3147 tanda
893 3102 969 3160 esse,
992 3102 1073 3168 quae
1094 3079 1136 3142 in'
1150 3077 1253 3145 iliade
1321 3119 1323 3130 =

117 3191 121 3197 ·
199 3177 427 3234 memorantur.
469 3166 555 3238 ‚Inde
569 3166 710 3233 virorum
746 3178 889 3234 octonm
903 3189 1056 3234 consensu
1070 3164 1170 3254 repeti
1183 3187 1252 3230 coe-
1334 3174 1337 3183 '

199 3275 280 3352 pere
293 3252 409 3320 mtium
421 3252 558 3352 origines
575 3253 616 3318 ab
636 3253 710 3340 ipsis
725 3253 874 3342 Trojanis
891 3253 1100 3404 temporibus,
1115 3259 1252 3340 cumque

198 3338 301 3408 sidem
315 3339 374 3404 viri
393 3339 477 3409 doctr
496 3340 613 3406 artium
632 3339 823 3404 incrementa
842 3351 873 3405 et
892 3363 951 3428 pro
965 3352 1052 3406 ectus
1071 3339 1113 3404 ad
1132 3350 1252 3404 nostro-

198 3449 278 3492 rum
291 3439 469 3514 temporum
489 3425 655 3498 modulum
674 3425 869 3507 metirentur,
886 3427 1049 3492 turbatum
1063 3439 1111 3492 est
1124 3424 1253 3490 mirifice

200 3512 239 3578 in
253 3512 339 3582 omni
353 3512 468 3586 artium
481 3512 629 3588 historia3
653 3512 791 3601 lecitque
809 3536 859 3578 res
868 3535 1025 3600 ‘magnam
1044 3511 1251 3593 mirationem,

202 3623 280 3668 cum
292 3599 375 3664 inter
391 3598 533 3687 Trojaua
550 3612 694 3687 tempora
705 3613 740 3664 et
753 3598 868 3664 artium
882 3599 916 3664 in
932 3598 1065 3666 Graecia
1077 3610 1190 3664 auctus
1205 3610 1253 3664 tot

203 3683 402 3750 saeculorum
420 3685 620 3750 intervallum
639 3709 706 3752 esse
719 3685 870 3751 viderent
916 3685 980 3763 Qui
992 3685 1091 3774 magis
1106 3684 1207 3750 sobrie
1221 3697 1254 3750 et

197 3785 297 3840 caute
311 3771 450 3838 dehisce
463 3772 558 3846 rebus
571 3773 750 3852 censebant,
765 3773 807 3838 ad
822 3771 1025 3838 Homericam
1042 3771 1151 3843 saltem
1170 3785 1254 3837 aeta-

201 3873 267 3924 tem
282 3859 361 3926 haec
375 3858 595 3934 retrahebant;
618 3859 758 3947 potuisse
771 3880 846 3924 eum
858 3857 987 3924 inventa
1000 3859 1109 3926 aetatis
1123 3881 1197 3924 suae
1211 3857 1253 3926 ad

131 3972 133 3976 ¹
200 3959 348 4034 tempora
360 3968 467 4010 rerum
486 3958 683 4014 rimaraum
702 3945 860 4010 retrahere
878 3944 979 4033 iisque
997 3944 1140 4022 inserere.
1185 3943 1253 4009 Alii
1274 3971 1275 3974 ¹

203 4045 312 4101 tamen
334 4031 499 4100 substitere
520 4032 555 4096 in
575 4032 650 4120 ipsis
666 4031 814 4120 Trojanis
835 4032 1038 4119 temporibus.
1083 4033 1201 4096 Omnes
1219 4031 1253 4094 in

201 4118 264 4186 hoc
279 4117 387 4189 studio
396 4118 556 4190 referendi
570 4117 685 4189 artium
696 4130 801 4184 ortum
816 4119 858 4183 ad
871 4118 989 4206 primas
1002 4139 1108 4182 rerum
1119 4115 1254 4202 origines

202 4203 366 4294 superavit
380 4204 625 4286 d'Hauceryille,
640 4203 821 4304 ingeniosus
839 4216 872 4270 et
889 4226 985 4292 sagax
1000 4201 1253 4290 vissrrtsmque

203 4292 338 4382 peritus,
354 4292 478 4366 criticae
500 4315 554 4366 seu
575 4291 739 4364 historicae
761 4316 816 4362 seu
837 4289 1057 4379 grammaticae
1064 4311 1184 4382 ⁴-psrum
1198 4311 1252 4358 cu-

699 4381 759 4442 Η
793 4393 798 4396 “
