2998 5052
513 373 581 438 Au
605 376 753 446 urso.
776 380 811 438 r.
1121 376 1186 444 rer
1289 455 1296 466 ,

137 564 218 606 oorr.
234 539 293 604 ἱσεὶ
311 542 342 606 οἱ
360 565 397 626 γε
417 547 515 608 ἱιεσειι.
560 547 677 612 Versus
697 545 770 612 246.
794 546 855 612 od.
872 551 909 610 Κ.
925 560 973 611 est
988 546 1122 634 spurius.
1145 551 1183 612 Σ.

139 626 203 694 561
220 625 306 710 ἄμφω
326 631 347 692 8
367 628 452 707 ἱὶσθηι
473 646 582 717 peceat
601 635 634 697 8.
680 632 769 698 Male
790 632 996 698 substitutum
1019 633 1127 717 ἱεμένων
1149 639 1184 698 Β.

140 715 216 780 154.
232 713 288 779 υἱοὶ
302 737 332 777 v.
350 714 443 780 Obss
458 728 491 781 et
504 717 587 784 alibi.
603 733 640 785 ut
653 719 723 784 ἱεσὶε
738 725 782 782 Μ.
799 722 863 787 274
877 718 1027 806 scriptum
1042 733 1118 786 erut.

185 799 263 882 ἱὶμιε.
285 799 383 866 nolim
406 804 491 885 ἱιὶμιι
513 805 663 872 scribere:
688 828 763 870 oum
784 804 872 870 nulla
896 828 954 870 neo
977 805 1107 885 ratione,
1130 829 1188 871 neo

139 887 285 1036 annologio
299 901 423 1039 ρτῗέοο
437 888 489 954 sit:
511 897 546 955 E.
558 894 622 961 ’178
636 890 811 978 relinquam
825 892 965 956 πελειάσιν
978 890 1068 975 ἱὶμιιὶ·
1083 895 1184 976 ἱμσῑαι.

187 973 248 1047 ἱιὶς.
264 995 330 1038 non
388 1001 425 1050 υς.

186 1057 286 1134 ἱκελος.
304 1065 422 1134 ἱικελος.
438 1085 468 1125 v.
484 1061 560 1144 εἱκιο,
577 1070 669 1129 ἱεικοο.

187 1145 286 1226 ἱκέτης.
303 1146 422 1210 ἱκετεύω.
461 1149 592 1215 Bentlei.
608 1150 757 1216 inducere
771 1151 896 1224 volebat
911 1157 1031 1230 ἱικπης,
1047 1163 1085 1216 ut
1098 1162 1131 1216 et
1146 1154 1188 1214 fs.

141 1233 248 1297 κεσὶοιι.
272 1231 317 1296 ita
331 1237 373 1296 Π.
389 1232 454 1298 564
468 1237 494 1310 ἐς
508 1240 601 1316 Πηλῆ’
617 1237 747 1315 ἱκέτευσε,
761 1237 936 1324 corrigebat
950 1241 976 1312 ἱς
990 1235 1094 1315 Πηλὶα
1110 1241 1187 1302 ἱικε-

138 1343 234 1396 τουσι,
249 1330 288 1382 ut
301 1345 334 1381 εα
349 1341 414 1383 una
428 1334 508 1385 esset
522 1323 649 1410 syllaba.
687 1322 858 1388 Enimvero
871 1336 918 1388 est
933 1322 1030 1400 ἱκέτης.
1047 1324 1186 1387 ἱκνεῖσθαι.

143 1404 259 1468 ἱκέσθαι.
305 1404 367 1469 Od.
384 1410 423 1469 N.
440 1409 504 1472 218
522 1411 591 1484 Ζεὺς
613 1407 700 1493 σφέας
721 1408 830 1474 τὶσαιτο
855 1410 997 1488 ἱκετήσιος.
1020 1429 1099 1472 eorr.
1120 1409 1189 1486 Ζεὺς

143 1489 243 1574 σφεὶας
257 1490 358 1554 σι’σαιὶ
375 1493 515 1572 ἱκετήσιος.

189 1577 283 1659 ἰκμάς.
299 1576 394 1641 semel
407 1580 543 1646 ooeurrit
552 1586 584 1644 P.
596 1583 662 1652 392
671 1579 746 1667 ἄφαρ
761 1579 789 1644 δέ
803 1606 834 1644 τε
849 1581 943 1662 ἱκμοὶς.
960 1580 1098 1646 creditur
1112 1603 1188 1667 ergo

143 1687 211 1728 esse
226 1668 340 1746 ἱικμοις.
386 1667 435 1728 Αἱ
448 1664 555 1748 ἱκμενος
570 1667 644 1752 οὖρος
658 1693 689 1730 το
705 1671 725 1730 ἱ
738 1690 801 1731 non
815 1666 963 1753 agnoscit.

190 1751 292 1814 ἱλαδὶν.
338 1751 485 1816 Occurrit
510 1759 545 1816 B.
569 1755 621 1824 98.
647 1753 688 1818 ab
712 1753 770 1832 ἱλη,
798 1764 906 1818 tunna.
933 1751 1189 1852 quandoquidem

144 1837 223 1902 haec
237 1836 312 1902 duci
333 1849 437 1924 potest
451 1839 492 1903 ab
506 1837 576 1918 εἱλη,
591 1851 625 1904 et
637 1839 726 1920 εἱλέω,
742 1845 849 1919 ἱειλειο,
864 1839 950 1904 credi
970 1851 1074 1926 potest
1093 1838 1190 1904 fuisse

147 1928 221 2001 ἱελη.
269 1925 322 1988 Ita
342 1923 423 1988 forte
443 1936 475 1988 et
489 1929 572 2001 ἱλλοὶς
588 1931 626 1990 Ν.
643 1929 708 1994 572
730 1927 843 1990 ἱλλοὶοιν
865 1929 914 1989 οὐκ
937 1927 1072 1990 ἐθέλοντα.
1095 1924 1190 1989 etiam

145 2008 310 2074 abeodem
324 2033 401 2076 vooe
420 2011 561 2076 ductum.
584 2027 621 2077 ut
643 2027 675 2077 et
695 2015 768 2077 ἱλλιὶ
790 2013 943 2077 sotiorum
963 2011 1079 2096 unguii.
1123 2012 1192 2076 Nec

146 2108 252 2162 tumen
273 2097 465 2184 respondent
485 2098 623 2164 deducta
643 2097 831 2164 δενδὶλλωιὶ.
849 2101 914 2163 180
934 2097 990 2162 ubi
1006 2121 1037 2160 v.
1053 2097 1145 2162 Obss.
1160 2109 1193 2162 et

146 2182 282 2266 ἱτιλλὶζω
296 2182 359 2248 od.
375 2187 412 2252 Σ.
429 2186 480 2248 11.
496 2196 529 2248 et
542 2183 654 2250 habuit
674 2208 736 2249 vox
758 2184 917 2273 primitiva
937 2183 1044 2272 plures
1065 2184 1191 2248 formas.

145 2293 178 2335 v.
194 2267 261 2348 ἕλω,
278 2273 364 2335 fem.
467 2293 472 2302 ·
643 2331 646 2340 .

191 2357 280 2432 ἱλαος.
294 2356 385 2440 ἱλημι.
402 2355 624 2440 ἱλάολὶλοίομαι.
647 2380 711 2424 non
729 2357 848 2422 habent
861 2357 1027 2444 digamma.
1073 2356 1126 2436 De
1140 2378 1194 2419 vo-

145 2440 236 2507 cibus
250 2466 281 2506 ν.
297 2442 340 2507 ad
353 2449 391 2505 A.
407 2443 480 2506 588.

192 2527 314 2607 ἦἼλιος.
332 2527 432 2592 Ilium.
455 2527 521 2592 sine
539 2527 749 2594 uontroversia
768 2534 863 2605 ἱιλιος.
884 2528 928 2591 irs
949 2533 1036 2592 ἱιλιοκ
1056 2527 1193 2609 ἀμφεμά-

146 2639 236 2700 χοοτο
253 2619 294 2678 ’Ζ.
312 2614 384 2681 461.
430 2613 661 2766 ΙηὶἻοὶοιῐιιιη
683 2623 724 2682 1-1.
739 2609 818 2681 845.
841 2621 877 2678 Ζ.
893 2612 966 2679 886.
991 2619 1026 2678 Β.
1043 2615 1115 2678 280.
1138 2612 1195 2677 ubi

149 2701 256 2771 Bentl.
270 2701 414 2766 nondum
428 2701 510 2764 offen
534 2701 664 2778 ebatum
689 2708 725 2766 E.
741 2706 815 2768 204.
837 2706 876 2765 N.
891 2704 965 2772 849.

193 2788 262 2862 ἱλιὶς.
292 2793 331 2851 Φ.
348 2789 413 2852 818
427 2786 523 2850 κεὶσε6
537 2789 580 2850 ὑπ’
597 2789 682 2864 ἱλιὶος.
698 2788 756 2853 etsi
769 2789 810 2854 ab
825 2786 905 2851 εἱλέιο
917 2788 1060 2853 ductum.

194 2874 270 2958 ἱμάς.
299 2873 422 2956 ἱμάσσω.
453 2872 585 2938 Bentlei'.
615 2897 681 2939 esse
709 2875 843 2962 putebat
869 2879 962 2954 ἱιμκς.
990 2877 1136 2955 supatru,
1163 2883 1196 2936 et

149 2959 252 3026 multa
265 2960 407 3025 tentabat
420 2958 453 3022 in
466 2958 542 3024 locis
555 2974 629 3024 voto
643 2984 706 3024 non
720 2958 989 3048 respondentibus.
1019 2957 1197 3038 'Enimvero

151 3053 187 3112 B.
199 3049 264 3116 782
273 3049 361 3134 γαὶοικ
377 3046 493 3132 ἱμάσσῃ.
516 3051 551 3110 Γ.
563 3048 625 3115 871
638 3045 720 3133 ἶὶγχε
734 3046 762 3110 δέ
777 3071 825 3128 μιν
840 3045 1009 3118 πολύκεστος
1025 3044 1099 3125 ἱμάς.
1114 3042 1197 3122 adde

149 3137 189 3208 Ξ.
207 3137 280 3199 214.
297 3135 370 3203 219.
394 3138 429 3196 Ε.
445 3135 519 3203 589.
543 3137 582 3195 Κ.
598 3131 673 3198 262.
701 3129 888 3220 Corrigendi
903 3143 977 3195 sunt
990 3153 1050 3193 vss.
1068 3133 1111 3194 Θ.
1121 3132 1195 3194 544.

152 3234 185 3286 et
198 3227 236 3286 Ψ.
252 3219 329 3286 868.
345 3219 401 3284 ubi
415 3242 444 3282 v.
460 3219 551 3284 Obss.

193 3306 247 3391 ἱμι.
266 3311 336 3387 ἱιμι.
353 3305 396 3370 iu.
410 3304 627 3370 auctoritatem
640 3326 703 3369 non
717 3305 813 3370 habet
826 3302 994 3390 digamma.

194 3395 256 3468 ἱκες.
275 3399 353 3467 ἱινες.
367 3415 406 3456 ex
418 3393 456 3469 ἱς,
473 3391 532 3466 ἱνὸς.
553 3391 650 3455 tendo.
673 3412 792 3455 nerum.
830 3396 871 3454 H.
889 3387 954 3459 269
967 3387 1088 3476 iniectus
1102 3390 1130 3452 δὲ
1145 3389 1196 3453 fu’

154 3480 311 3570 οἱσὶλεὶςον.
349 3485 385 3543 Ψ.
403 3479 539 3563 191-σερὶ
551 3477 629 3565 χρόα
644 3481 738 3541 ἱικεσι.
783 3476 868 3541 Inde

199 3565 271 3630 ἱκὶοο.
297 3570 386 3629 ἱινιον.
408 3563 525 3647 occiput
545 3585 613 3628 cum
628 3564 748 3628 cenrice.
767 3575 805 3628 ut
818 3564 853 3626 Ε.
869 3564 912 3630 78
926 3565 1048 3644 κεφαλῆς
1062 3565 1140 3625 κατὰ
1154 3565 1199 3624 fr-

153 3678 216 3719 νισι.
231 3652 314 3716 adde
329 3654 366 3718 Ξ.
378 3653 442 3721 495
457 3663 489 3714 et
503 3648 542 3714 al.

196 3738 245 3804 ἰὀι.
272 3743 337 3803 fur.
362 3737 453 3801 viola.
480 3735 639 3823 digamma
659 3734 800 3822 agnoseit
822 3731 1033 3798 Terentianus
1054 3755 1085 3820 p.
1103 3735 1198 3804 2897.

155 3824 292 3890 occurrit
315 3823 377 3888 Od.
401 3830 437 3887 E.
459 3825 502 3891 72
526 3831 652 3904 λειμῶνες
676 3822 803 3905 petauri
829 3825 887 3884 ἱιοο
912 3819 956 3898 ἡδέ
978 3819 1095 3884 σελὶκσυ.
1140 3819 1201 3882 Est

156 3934 286 4002 quoque
299 3908 334 3974 in
348 3908 519 3974 Theocrito
534 3909 582 3987 X,
598 3911 641 3972 28
654 3909 702 3972 καὶ
716 3905 749 3970 ‘ro'
764 3911 820 3971 ἱιοο
834 3905 925 3989 με’λοον
939 3906 1011 3970 iuri.
1056 3905 1127 3970 En't
1141 3903 1201 3967 ita-

156 4021 221 4086 que
244 3999 376 4075 ἱιοὶειδης
399 4001 433 4060 Λ.
451 3998 515 4066 298
536 4009 568 4059 et
591 3993 676 4058 κκλοὶ
692 4019 732 4058 τε.
740 3992 864 4080 μεγάλοι
882 4018 915 4057 τε
934 3995 1064 4078 ἱιοδνεφες
1085 3991 1152 4077 εἱρσς
1174 3988 1202 4052 ἱ-

30 4167 35 4176 ·
154 4111 264 4173 χοντες.

201 4174 250 4236 At
265 4171 315 4247 ἱὶς,
326 4169 453 4256 sagitta,
469 4166 591 4255 respuit
604 4166 773 4255 digamma,
788 4177 821 4229 et
834 4163 970 4252 priorem
984 4161 1138 4250 producit.
1161 4164 1199 4225 Α.

159 4261 200 4323 48
214 4261 289 4342 μετὰ
311 4257 333 4319 δ’
356 4259 394 4320 its
415 4255 476 4334 ἱηκε
498 4266 531 4319 et
545 4253 680 4340 Ἄρτεμις
703 4250 841 4340 ἱοχὶοιιροι,
890 4251 1004 4335 Itaque
1025 4247 1090 4322 τὶἱει
1113 4247 1201 4312 iimo
