2998 5052
200 392 205 402 ·
310 363 375 429 246
671 361 923 428 EXCURSUS
948 362 997 425 11.

255 577 258 584 ·
310 536 408 614 ribus,
419 535 459 602 de
469 507 587 623 quibus
599 531 677 600 nibil
691 532 777 598 aliud
792 545 924 614 constat,
937 548 969 599 et
983 556 1118 621 quorum
1130 533 1217 600 nulla
1231 534 1294 602 alia
1306 557 1360 602 ex-

219 635 233 671 ,·
299 634 380 692 tant
393 634 607 699 monumenta,
622 621 688 686 duo
702 643 734 686 m
797 645 817 686 a
830 621 977 699 carmina,
993 643 1077 686 unus
1090 620 1285 698 condiderim
1302 645 1359 688 nec

237 713 241 721 ’
310 709 538 776 dubitationem
557 707 696 796 injecisse
710 708 742 772 vi
765 720 837 772 etur
851 707 1030 796 qnisquam,
1044 722 1266 796 praeterquam
1286 709 1358 788 hoc,

310 795 398 884 quod
412 797 511 876 fuere,
527 794 584 895 qui
597 794 720 883 assequi
730 804 766 858 be
781 807 942 882 negarent,
952 794 1112 881 quomodo
1126 794 1206 862 tanti
1220 795 1359 861 ambitus

309 883 446 950 carmina
459 896 515 949 aut
529 881 639 947 litteris
653 880 826 970 perscripta
840 894 896 946 aut
909 881 1088 948 memoriter
1098 881 1228 948 recitata
1241 881 1358 970 perdu-

309 993 379 1035 rare
393 971 434 1035 ad
449 972 564 1035 seriora
578 982 719 1057 tempora
733 967 901 1056 potuerint.

352 1057 443 1122 Fecit
457 1055 534 1146 mihi
548 1079 639 1143 saepe
653 1055 901 1134 admirationem,
917 1055 1004 1142 quod
1023 1054 1185 1144 opiniones
1198 1053 1297 1153 vulgo
1310 1078 1360 1119 re-

308 1159 414 1232 ceptas
435 1143 605 1210 retinemus
625 1141 785 1209 interdum
807 1154 958 1230 tanquam
983 1141 1025 1206 ab
1050 1142 1196 1207 omnibus
1217 1165 1274 1229 qur
1299 1163 1359 1206 un-

332 1253 406 1296 uam
420 1230 560 1309 fuerunt,
575 1231 734 1318 probatas,
750 1229 874 1296 tametsi
892 1227 986 1296 multi
1005 1229 1122 1318 passim
1142 1228 1285 1310 extitere,
1301 1228 1359 1316 qui

309 1255 350 1382 de
363 1317 402 1382 iis
414 1318 610 1383 dubitarunt.
655 1316 737 1382 Satis
751 1329 882 1397 constat,
898 1315 1014 1382 multos
1027 1316 1134 1395 fuisse,
1150 1315 1217 1404 qui,
1233 1314 1274 1380 de
1288 1317 1360 1380 Ho-

308 1426 395 1469 mero
417 1404 494 1469 nihil
514 1405 596 1483 sciri‚
611 1426 669 1470 nec
688 1403 759 1469 sciri
777 1428 879 1493 posse,
901 1403 1039 1491 ingenue
1058 1401 1189 1491 professi
1211 1402 1292 1478 sint,
1315 1402 1359 1468 de

307 1491 439 1579 antiqua
451 1491 625 1557 carminum
639 1490 816 1556 conditione
834 1489 914 1556 nihil
933 1491 1131 1579 exploratum
1145 1513 1222 1569 eom,
1237 1489 1359 1556 credita

308 1601 374 1643 esse
388 1592 504 1644 temere
518 1578 620 1644 multa
632 1577 697 1644 fide
717 1593 774 1644 aut
792 1578 854 1644 levi
871 1591 928 1644 aut
942 1577 1056 1653 uulla3
1080 1601 1128 1657 ea,
1143 1599 1227 1664 quae
1240 1599 1298 1642 nos
1311 1590 1359 1643 te-

307 1687 429 1745 nemus,
444 1665 719 1754 grammaticorum
734 1665 916 1731 commentis
930 1664 1055 1739 deberi;
1076 1664 1109 1729 in
1122 1663 1199 1752 ipsis
1212 1664 1358 1730 carmini-

307 1751 368 1818 bus
390 1776 455 1818 esse
476 1752 587 1832 multa,
610 1777 692 1841 quae
716 1753 876 1818 offendant
898 1765 929 1816 et
951 1752 991 1816 de
1014 1751 1202 1817 Criticorum
1223 1751 1359 1816 decretis

307 1838 535 1904 dubitationem
560 1853 715 1905 moveant.
761 1840 917 1906 Omnibus
938 1838 987 1904 his
1008 1837 1195 1927 posthabitis
1216 1837 1357 1906 obtinuit

307 1937 412 1990 tamen
427 1926 566 2014 vulgaris
580 1926 686 2015 aliqua
701 1927 871 2017 persuasio,
886 1939 1037 2013 tauquam
1057 1924 1198 1990 unanimi
1211 1937 1358 1991 veterum

307 2035 459 2077 consensu
481 2013 638 2093 roborata,
654 2014 694 2079 de
715 2013 816 2080 Iliade
830 2028 862 2079 et
877 2013 1019 2101 Odyssea
1035 2013 1077 2078 ab
1090 2014 1236 2077 Homero
1250 2013 1359 2101 aliquo

306 2099 519 2164 remotissimis
533 2101 687 2167 aetatibus
700 2100 834 2167 condita.

351 2185 446 2265 Quod
467 2209 525 2252 nec
546 2187 649 2252 minus
672 2187 803 2266 mireris,
826 2199 884 2267 est,
925 2185 992 2251 uod
1015 2185 1356 2252 nonzanimadversum

293 2285 365 2351 est,
380 2296 477 2360 quam
491 2297 604 2362 parum
618 2274 748 2340 definita
762 2274 801 2340 sit
814 2211 949 2363 ipsails
968 2271 1139 2360 persuasio,
1156 2272 1357 2360 quandoqui-

306 2357 379 2422 dem
405 2359 505 2426 multa
529 2361 611 2426 inter
635 2385 668 2426 se
692 2361 816 2427 diversa
837 2361 871 2425 in
897 2384 934 2425 ea
955 2359 1166 2439 continentur,
1189 2359 1257 2425 mul
1311 2381 1356 2426 ue

305 2445 529 2534 comprehensa
543 2461 628 2528 sunt,
643 2471 725 2548 quae
746 2447 900 2513 affirmare
914 2445 1013 2522 uolis;
1037 2444 1109 2598 quis
1127 2446 1210 2512 enim
1338 2495 1352 2529 ,

292 2533 451 2598 >carminis
464 2546 529 2600 tam
543 2535 666 2624 antiqui
678 2535 812 2602 formam
829 2548 861 2600 et
873 2533 1019 2599 habitum
1052 2531 1134 2597 uisse
1153 2533 1290 2598 eundem
1304 2547 1355 2600 tot

306 2618 435 2686 saeculis
456 2633 528 2686 ante
551 2622 716 2688 Graeciam
738 2622 804 2688 ullo
825 2621 914 2687 cultu
935 2618 1103 2699 excultam,
1119 2619 1245 2706 qualem
1263 2620 1297 2686 in
1312 2645 1355 2688 eo

305 2726 390 2770 nuno
404 2707 620 2807 agnoscimus;
640 2733 823 2790 sermonem,
840 2707 1037 2796 scripturam,
1052 2707 1352 2795 pronuntiationem,

304 2815 368 2857 non
388 2793 486 2860 fursee
506 2794 678 2861 admodum
700 2797 878 2862 diversam?
901 2793 1015 2862 Altera
1027 2816 1068 2858 ex
1082 2793 1224 2882 parteis,
1239 2793 1354 2882 quide

304 2879 491 2968 antiquitate
512 2883 659 2948 carminis
677 2899 709 2949 et
730 2897 840 2972 poetae
861 2881 998 2960 dubitat,
1012 2893 1069 2946 aut
1087 2880 1128 2960 ei,
1142 2904 1239 2972 quem
1252 2882 1353 2970 vulgo

270 2994 276 3000 ·
303 2966 414 3048 edunt,
441 2971 584 3035 Homero
607 2985 664 3036 aut
684 2985 789 3060 partes
809 2967 955 3036 carminis
974 2981 1032 3032 sut
1052 2980 1154 3033 totum
1177 2967 1351 3056 abjudicat,

303 3075 366 3120 non
388 3055 515 3144 eoipso
536 3058 720 3144 pronuntiat
740 3057 882 3146 spurium
901 3068 934 3122 et
952 3053 1151 3120 subdititium
1171 3054 1252 3119 illud
1272 3080 1352 3138 esse,

302 3153 358 3206 aut
372 3165 432 3242 pro
447 3143 559 3208 seriore
572 3144 641 3210 fetu
658 3144 860 3219 habendum
885 3142 940 3208 sed
954 3153 1077 3206 tautum
1092 3166 1142 3224 ea,
1157 3165 1238 3230 quae
1251 3141 1353 3232 vulgo

302 3229 421 3294 credrta
435 3243 519 3309 sunt,
532 3231 647 3296 idoneo
661 3232 763 3297 fundo
776 3230 905 3298 destitui
918 3228 1111 3319 pronuntiat
1146 3243 1149 3250 ’

345 3316 567 3382 Dubitationes
582 3317 693 3406 utique
708 3333 834 3384 exortae
851 3331 926 3384 sunt
940 3340 1031 3404 saepe
1046 3329 1078 3381 et
1088 3340 1112 3395 a
1124 3316 1281 3404 pluribus,
1297 3341 1352 3383 ve-

302 3423 374 3465 rum
389 3426 443 3468 eae
457 3402 523 3468 fere
538 3427 571 3468 se
584 3403 667 3470 intra
679 3407 869 3470 mirationem
883 3403 1113 3470 continuerunt.
1138 3403 1248 3469 Mirati
1262 3417 1350 3485 sunt,

301 3490 461 3586 quomodo
481 3490 619 3556 camnine
641 3493 707 3558 dno
729 3492 827 3579 spica,
848 3491 998 3556 omnium
1007 3489 1129 3578 judicio
1149 3490 1351 3578 praestantis-

301 3597 389 3655 sima,
405 3577 522 3664 quibus
537 3577 636 3643 simile
649 3579 729 3667 quid
742 3579 830 3644 nulla
843 3578 915 3656 alia,
931 3589 970 3643 ut
983 3577 1083 3656 aiunt,
1098 3590 1182 3642 aetas
1201 3577 1348 3666 protulit,

292 3661 341 3726 ab
363 3684 428 3727 uno
450 3665 623 3753 eodemque
646 3666 773 3755 ingenio
796 3665 948 3754 proficisci
971 3664 1140 3752 potuerint.
1185 3664 1284 3730 Pauci
1309 3689 1350 3731 eo

299 3749 447 3837 progredi
469 3752 537 3816 ausi
559 3766 643 3830 sunt,
665 3767 701 3818 ut
722 3777 790 3818 rem
810 3775 924 3840 parum
944 3750 1140 3816 verisimilem
1161 3750 1206 3816 ita
1226 3752 1348 3817 nerrmi

298 3837 557 3922 pronuntiarent3
611 3839 844 3928 nandoquidem
874 3851 946 3904 ante
974 3861 1082 3902 omnes
1110 3837 1229 3903 litteras
1256 3852 1348 3906 natas
1391 3873 1395 3882 ·

297 3945 389 4010 opus,
411 3925 499 4012 quod
520 3865 785 3992 absolutissimum
808 3949 874 3991 esse
896 3938 1033 4004 censent,
1058 3924 1209 4012 prodiisse
1232 3925 1345 3992 fertur.

291 4011 346 4076 -Ut
368 4011 451 4076 enim
473 4013 533 4078 hoc
576 4015 748 4094 renunties,
769 4037 892 4082 necesse
912 4028 969 4092 est,
985 4025 1035 4091 ut,
1050 4011 1154 4076 animo
1178 4025 1210 4077 et
1229 4013 1347 4102 eogita-

291 4096 380 4162 -tione
394 4123 415 4164 a
429 4100 543 4165 nostris
553 4037 666 4166 litteris
681 4101 939 4191 temporibusque
951 4113 1092 4179 avocata,
1104 4098 1137 4162 in
1152 4123 1189 4164 ea
1203 4114 1346 4190 tempora

295 4195 327 4249 te
340 4185 490 4267 insinues,
506 4187 622 4276 quibus
635 4200 729 4277 poeta
742 4188 856 4256 vixisse
875 4201 908 4254 et
925 4187 1063 4254 carmina
1079 4186 1207 4252 condita
1220 4211 1285 4253 esse
1299 4188 1347 4254 fe-

289 4285 428 4350 -runtur;
452 4288 490 4338 ut
506 4274 669 4341 hominum
689 4297 859 4364 rerumque
878 4274 1088 4342 conditionem
1102 4287 1136 4342 et
1150 4287 1279 4356 statum,
1295 4275 1347 4342 lit-

289 4367 432 4444 monim
455 4373 487 4425 et
506 4361 704 4450 ingeniorum
727 4363 897 4444 cultum,
911 4385 992 4451 quae
1006 4377 1074 4430 tum
1095 4361 1202 4442 fuerit,
1218 4381 1347 4452 perspe-
