3026 5056
326 391 370 457 m
722 345 975 457 excussus

325 564 393 630 dita
407 575 491 641 sunt,
506 573 564 629 aut
577 582 658 650 quae
674 583 747 627 cum
769 561 933 650 praesenti.
944 560 1085 626 locorum
1098 559 1176 625 facie
1190 559 1376 626 conveniant

326 651 376 716 vel
399 651 440 715 ab
463 672 501 713 ea
522 648 719 728 abhorreant,
744 663 840 736 atque
862 647 1070 726 difficultates,
1088 669 1170 734 quae
1192 646 1266 713 inde
1289 659 1394 712 ortae·

327 750 412 815 sunt,
434 734 542 800 tollere
564 747 621 799 aut
643 734 769 799 solvere.
814 735 946 799 Habent
967 747 998 798 et
1020 734 1097 798 haec
1118 733 1244 798 laudem
1266 755 1374 809 suam3

327 823 383 888 sed
397 835 471 886 sunt
484 819 629 886 habenda
642 813 732 886 extro
746 822 890 886 Iliadem:
907 820 950 884 ad
963 843 1087 885 carmen
1103 819 1176 884 satis
1190 832 1247 900 est,
1264 820 1289 885 si
1303 821 1377 886 cho-

321 908 526 997 rographiam
546 905 690 972 carminis
703 930 777 971 cum
790 930 897 972 rerum
910 905 1040 972 veritate
1054 906 1198 972 universe
1211 907 1376 972 convenire

326 993 515 1096 apparuerit.
564 993 618 1058 Ad
638 993 863 1080 disputationes
882 993 956 1058 istas
977 992 1207 1058 deveniendum
1229 1016 1294 1059 non
1316 1007 1374 1073 est,

325 1105 392 1146 msi-
406 1080 541 1166 carmine
561 1079 652 1159 lecto,
669 1078 838 1168 voluptatis
859 1103 951 1145 sensu
966 1079 1034 1169 jam
1053 1079 1213 1145 desidente
1227 1091 1259 1144 et
1272 1079 1376 1144 animo

325 1167 464 1246 remisse,
479 1166 524 1231 ita
537 1179 575 1231 ut
587 1189 672 1230 nunc
686 1179 790 1230 mente
806 1165 976 1247 revolvere,
991 1165 1145 1254 colligere,
1161 1178 1194 1231 et
1213 1166 1256 1230 ad
1278 1179 1378 1232 certas

325 1253 460 1319 rationes
481 1275 517 1318 ac
537 1251 671 1317 calculos
688 1275 832 1317 revocare
853 1251 974 1340 placeat
987 1275 1034 1332 ea,
1049 1275 1131 1339 quae
1144 1265 1237 1317 antea
1249 1253 1377 1342 legeras.

327 1339 495 1428 Sequenda
517 1352 584 1403 erat
605 1339 682 1403 haec
703 1338 793 1419 ratio,
809 1339 932 1404 tametsi
953 1362 1017 1405 non
1038 1350 1203 1418 constaret,
1221 1340 1310 1427 quod
1331 1351 1377 1405 ta-

326 1449 399 1493 men
414 1424 487 1490 satis
500 1437 641 1490 constare
655 1424 791 1506 videtur,
807 1449 827 1490 a
845 1437 892 1491 tot
908 1424 983 1489 inde
997 1423 1126 1490 saeculis
1139 1425 1282 1513 ingentes
1294 1425 1377 1491 loco-

326 1535 399 1578 rum
421 1512 608 1578 mutationes
638 1523 670 1576 et
698 1511 884 1577 accessiones
908 1511 1050 1600 inprimis
1073 1511 1107 1576 in
1131 1511 1259 1577 littorali
1283 1512 1378 1602 plaga

325 1600 400 1665 alias
423 1623 463 1664 ex
488 1598 555 1663 aliis
580 1598 768 1664 successisse.
814 1598 930 1686 Igitur,
951 1621 1036 1749 quae
1057 1597 1198 1664 locorum
1220 1599 1314 1664 facies
1337 1601 1377 1666 ab

324 1686 393 1774 ipso
416 1698 509 1773 poeta
527 1685 722 1764 exhibeatur,
745 1683 834 1748 nobis
857 1684 951 1750 viden
974 1707 1030 1750 um
1048 1701 1114 1760 est3
1136 1683 1182 1750 ita
1198 1698 1245 1766 ut,
1268 1686 1377 1776 dispu.
1501 1695 1502 1742 ἕ

326 1773 442 1838 tatione
466 1774 504 1835 de
526 1771 635 1836 caetris
657 1771 690 1836 in
711 1769 808 1836 alium
827 1773 1009 1837 Excursum
1027 1771 1152 1859 rejecta,
1170 1793 1256 1838 nunc
1273 1796 1376 1861 perse

325 1879 462 1946 quamur
474 1855 543 1922 loca
556 1856 637 1921 inter
650 1857 739 1922 littus
753 1868 786 1921 et
798 1858 910 1922 urbem
924 1882 944 1923 a
957 1871 1051 1946 poeta
1065 1881 1120 1922 seu
1137 1859 1307 1924 constituta
1320 1881 1375 1926 seu

326 1954 514 2018 memorerm
538 1942 596 2008 etsi
614 1943 664 2008 vel
683 1943 726 2009 sic
747 1943 929 2010 difficultate
950 1945 1056 2032 aliqua
1075 1944 1259 2033 premimur,
1277 1970 1377 2034 quan-

324 2029 496 2118 doquidem
509 2029 578 2094 loca
590 2030 714 2118 potiora
726 2030 766 2094 de
781 2029 844 2096 situ
860 2030 1000 2096 locorum
1015 2031 1151 2096 Troadis
1171 2032 1376 2120 suspicionem

326 2129 383 2182 aut
406 2115 633 2181 dubitationem
647 2117 789 2197 ‚faciunt
813 2139 854 2181 an
878 2117 975 2182 serius
999 2117 1115 2183 inserta
1140 2116 1212 2198 sint,
1239 2120 1375 2186 maxime

325 2199 385 2268 vss.
409 2208 448 2266 N.
470 2202 532 2268 681
556 2227 623 2291 sqq.
655 2205 691 2272 Ξ,
715 2207 758 2269 30
782 2226 849 2292 sqq.
879 2209 920 2270 O.
944 2203 1017 2270 656.
1042 2207 1071 2270 4.
1098 2203 1170 2269 add.
1198 2211 1236 2271 Ζ.
1259 2209 1289 2271 4.
1328 2213 1375 2274 M.

323 2311 372 2377 pr.
397 2301 428 2355 et
451 2289 521 2368 alia,
545 2291 691 2390 adquae
714 2313 743 2354 v.
764 2291 854 2355 Obss.
875 2291 1026 2390 etquid?
1049 2290 1075 2356 si
1098 2290 1140 2356 de
1162 2288 1242 2357 libro
1268 2292 1308 2358 Il.
1331 2297 1374 2360 Ω.

214 2375 215 2380 ’
323 2375 454 2463 aliisque
477 2376 650 2441 novissimls
669 2375 816 2528 partibus
838 2389 870 2442 et
892 2375 967 2443 locis
991 2375 1101 2443 Iliadis
1123 2376 1268 2444 dubitare
1293 2378 1375 2460 licet,

323 2485 420 2563 quem
444 2475 604 2529 auctorem
628 2463 671 2528 ha
692 2463 806 2544 uerint,
827 2463 1071 2552 dubitatumque
1094 2463 1133 2530 sit
1151 2464 1220 2553 jam
1238 2465 1279 2530 ab
1298 2465 1378 2531 anti·
1501 2497 1502 2538 2

322 2573 414 2636 qu1s;
438 2549 604 2614 nonenim
623 2571 738 2638 magna
760 2549 926 2638 sagacitate
947 2574 1028 2639 opus
1049 2562 1107 2631 est,
1129 2549 1376 2618 animadvertere

323 2634 435 2713 multa,
453 2657 535 2722 quae
557 2635 694 2700 interae
717 2659 781 2700 non
802 2636 876 2702 satis
897 2636 1100 2713 conveniant3
1124 2637 1282 2704 enimvero
1303 2660 1375 2727 pro-

324 2720 470 2785 nuntiare
495 2720 615 2808 aliquid
639 2743 731 2786 nemo
755 2723 863 2810 paullo
887 2722 1092 2788 verecundior
1115 2735 1258 2810 unquam
1281 2727 1374 2806 ausit,

323 2829 381 2872 nec
395 2820 515 2872 veteres
536 2820 610 2872 sunt
631 2808 707 2874 ausi.
755 2809 788 2873 Si
808 2808 926 2898 Cyclici
945 2808 1053 2874 saltem
1072 2815 1296 2898 superessentl
1310 2815 1375 2878 Eo-

323 2911 399 2992 rum
410 2917 471 2980 ope
484 2893 606 2958 facilius
619 2893 712 2975 foret,
728 2895 879 2983 suspicor,
894 2894 1025 2983 vestigia
1044 2895 1321 2984 interpolationum
1335 2898 1375 2963 ri-

323 3002 407 3045 mari
422 2993 455 3044 et
474 2981 648 3068 exquirere.
695 2981 817 3048 Scilicet
837 2981 870 3046 in
891 2982 992 3081 poetis
1006 2981 1140 3082 Syclicis
1153 2983 1255 3049 multa
1267 2985 1375 3050 viden·
1494 3039 1497 3048 .

324 3080 378 3131 tur
400 3090 466 3131 esse
487 3079 668 3147 memorata,
685 3091 702 3131 e
722 3068 838 3154 quibus
851 3067 919 3134 loca
932 3067 1061 3152 insrtrtra
1074 3067 1268 3136 adornarunt
1281 3072 1340 3136 rha

324 3151 410 3228 eodi3
436 3151 646 3239 subolefacere
663 3153 751 3233 haec,
773 3153 867 3218 semel
887 3153 1035 3234 monitus,
1050 3154 1278 3307 foesseffffii⁵³
1303 3095 1376 3224 sui:

324 3237 439 3303 sistunt
453 3249 558 3302 tamen
571 3238 648 3303 haec
660 3239 744 3304 intra'
758 3262 883 3305 sensum
898 3239 1051 3328 cujusque
1066 3253 1097 3306 et
1106 3264 1147 3330 Ju
1180 3241 1272 3308 cium.

292 3355 295 3362 ⁴
367 3323 469 3389 Maris
490 3323 612 3412 Aegaei
632 3325 716 3412 parti
736 3325 865 3406 boreali,
880 3347 977 3426 quam
999 3329 1161 3393 Homerus
1180 3327 1376 3414 Hellesponti

323 3409 449 3474 nomine
463 3409 616 3499 designat,
653 3410 725 3500 laga
745 3412 873 3478 littorali
894 3410 1057 3501 mterjecta
1072 3427 1217 3502 angusta,
1232 3430 1376 3505 praeten-

322 3496 411 3561 ditur
424 3497 464 3562 ab
479 3497 621 3562 orientali
631 3435 731 3564 itere
746 3500 806 3564 Idu
813 3522 828 3576 ,·
850 3498 942 3587 cujus
956 3499 1037 3588 juga
1051 3499 1248 3567 decurrentia
1261 3495 1374 3570 consti-

323 3595 420 3648 tuunt
432 3582 646 3671 promontoria
662 3587 795 3650 Lectum
809 3597 842 3650 et
856 3587 1043 3672 Gorgonem,
1058 3611 1076 3652 e
1091 3608 1155 3674 quo
1171 3601 1373 3677 prospectum

321 3669 356 3734 in
376 3691 523 3757 campum
538 3670 716 3758 Trojnnum
736 3672 832 3736 habet
846 3671 976 3759 Jupiter
996 3672 1036 3738 Il.
1053 3678 1094 3738 Θ.
1111 3676 1247 3742 47-52.
1269 3677 1374 3764 Supra

323 3757 459 3822 Lectum
479 3769 671 3844 procurrunt
684 3758 725 3822 ab
740 3755 802 3823 Ida
815 3780 924 3822 versus
940 3781 1026 3824 mare
1043 3760 1109 3826 duo
1131 3759 1216 3848 'uga,
1232 3773 1373 3828 extrema

322 3865 430 3908 versus
443 3842 533 3908 littus
547 3841 723 3920 declivitate
736 3843 770 3908 in
784 3842 943 3933 planitiem
958 3845 1015 3910 soli
1034 3784 1234 3912 subsidentia.
1279 3849 1373 3914 Intra

321 3929 397 3994 haec
418 3929 500 4017 juga
524 3953 580 3994 seu
604 3929 732 3994 brachia
756 3929 902 4006 convallis
930 3931 1121 4011 extenditur,
1150 3931 1185 3997 in
1236 3956 1278 3999 ua
1306 3935 1372 4001 duo

321 4038 427 4080 amnes
449 4015 491 4080 ad
514 4039 599 4080 mare
617 4016 814 4096 deferuntur,
829 4017 908 4082 alter
925 4041 964 4083 ex
984 4017 1167 4084 editioribus
1187 4021 1205 4084 I
1248 4044 1266 4084 e
1284 4019 1371 4102 loeis,

320 4101 402 4165 inter
423 4124 503 4189 quoe
524 4100 646 4190 medius
666 4125 796 4190 campus
816 4124 996 4190 pugnarum
1017 4104 1104 4170 locus
1118 4116 1174 4185 est,
1191 4109 1281 4206 Zpr.
1294 4107 1373 4172 alter

320 4209 360 4252 ex
385 4187 603 4262 inferioribus3
631 4187 735 4253 dictus
755 4187 866 4275 utique
891 4190 1016 4255 nomine
1038 4191 1117 4256 alter
1143 4191 1266 4272 Simois,
1288 4193 1371 4258 'alter

321 4272 522 4353 Scamander,
536 4271 588 4338 ille
607 4272 648 4337 de
666 4273 820 4340 montium
835 4275 924 4362 jugis
943 4277 1088 4342 torrentis
1102 4299 1199 4358 more,
1215 4301 1369 4367 aquarum

318 4357 451 4426 colluvie
469 4372 590 4441 auctus,
605 4359 764 4427 interdum
782 4361 907 4428 alveum
927 4381 1020 4431 stium
1040 4376 1201 4451 evagatur,
1224 4367 1369 4436 Scaman-
