2998 5052
485 364 727 436 ADILIAD.
750 371 787 432 Ψ.
803 369 854 432 84.
1131 371 1197 435 ale

143 549 228 612 rum,
243 533 300 632 qui
315 534 418 601 multa
429 557 469 602 ex
487 536 663 625 antiquiore
680 537 805 606 licentia
817 539 851 604 in
876 562 969 606 usum
988 561 1080 604 suum
1099 541 1196 606 vertit

144 631 178 680 et
195 633 388 708 optimorum
406 621 593 722 scriptorum
616 626 760 712 exemplo
777 625 977 704 consecravit,
994 639 1030 690 ut
1047 648 1132 691 nunc
1146 627 1193 692 in·

143 713 192 768 ter
206 707 333 772 Atticas
347 707 515 796 elegantias
533 711 720 777 referantur.
764 712 849 776 Mihi
871 713 921 777 de·
930 712 1101 777 Homerico
1124 737 1193 778 oevo

141 802 175 853 et
189 815 250 858 usu
265 793 437 883 disputatio
451 809 509 876 est,
525 811 565 862 ut
576 821 624 876 ea,
638 822 720 885 quae
740 798 889 864 sermonis
902 798 934 863 lo
957 799 1004 863 ‘ca
1016 795 1104 863 haud
1117 822 1191 887 pro-

141 875 212 956 bat,'
224 879 266 944 ad
277 882 515 966 grammaticam
534 882 676 949 nondum
696 884 852 951 excultam
867 898 898 950 et
921 823 1095 950 absolutam
1111 887 1191 950 refe-

140 983 231 1040 ram;
255 982 352 1055 atque
375 968 534 1048 ita,si11.
560 976 588 1034 A
614 971 674 1035 141
702 972 864 1059 ἐρύσσομεν,
891 972 1049 1058 ἂγάρομεν,
1075 971 1188 1055 θείομεν,

135 1049 250 1136 juncta
269 1067 353 1134 sunt,
369 1078 433 1118 non
457 1055 558 1121 dicam
578 1056 723 1143 ἀγείρομεν
737 1080 796 1144 pro
814 1057 1014 1145 subjunctivo
1028 1081 1093 1121 esse
1107 1057 1189 1145 posi-

140 1148 210 1200 tum
231 1151 263 1204 et
284 1140 478 1207 subtiliorem
499 1142 649 1207 rationein
672 1142 928 1231 circumspiciam,
944 1167 1001 1208 nec
1021 1143 1076 1242 pin
1101 1143 1188 1208 uiore

139 1223 237 1288 modo
259 1251 272 1288 ο
296 1249 356 1313 pro
377 1255 399 1290 οο
420 1227 558 1315 positum
586 1251 652 1293 esse
673 1231 905 1316 pronuntiab03
930 1230 984 1294 sed
1007 1167 1187 1316 simpliciter

136 1313 318 1396 ‘provocabo
339 1313 381 1378 ad
401 1313 561 1379 rudiorem
589 1315 823 1402 grammaticam
844 1317 1046 1402 antiquorum
1069 1330 1189 1403 tempo-

139 1418 224 1476 rum,
240 1422 323 1510 quae
336 1399 414 1464 haec
432 1399 594 1466 subtiliora
616 1401 703 1466 haud
723 1403 861 1490 curabat.
907 1402 959 1466 Sic
977 1402 1038 1466 Od.
1062 1409 1099 1466 K.
1121 1405 1186 1468 328

138 1481 166 1558 ὅς
182 1509 214 1547 κε
228 1511 287 1572 τερ,
303 1487 351 1550 καὶ
367 1493 472 1574 πρῶτον
487 1485 639 1570 ἀμείψεται
654 1487 729 1574 ἕρκος
752 1489 872 1568 ὀδόντων,
887 1511 1000 1576 parum
1017 1487 1185 1568 elaborate,

139 1591 198 1656 pro
213 1569 241 1646 ὅς
256 1571 348 1660 νοτίῃ
363 1573 411 1636 καὶ
432 1573 461 1636 οὗ
477 1572 510 1636 clv
529 1575 684 1656 ἀμείψηται
700 1573 775 1662 ἕρκος
797 1573 907 1660 ὀδόντων
921 1579 959 1638 τοὶ
982 1574 1131 1656 φάρμακον,
1146 1587 1184 1640 ut

137 1655 291 1723 seriorum
312 1657 445 1748 quilibet
459 1659 601 1725 dicturus
614 1659 732 1726 fuisset.
778 1661 839 1725 Od.
862 1666 900 1726 Ο.
922 1662 995 1725 442.
1019 1662 1087 1724 3se
1101 1661 1186 1725 exci-

137 1742 232 1830 piunt
251 1746 331 1829 μῆτνς
355 1745 890 1835 ἐξείπῃ-καταδήσρ-ἐσιφράσσεται,
906 1771 946 1812 ex
960 1769 1021 1811 usu
1035 1745 1185 1832 loquendi

138 1829 297 1911 solutiore,
313 1854 386 1896 cum
404 1831 517 1898 rectior
530 1832 630 1896 oratio
649 1847 729 1898 esset
752 1834 966 1921 ἔτιορίισσηταν.
1011 1833 1092 1898 Inde
1129 1857 1185 1898 uo-
1300 1895 1303 1904 ,

115 1941 117 1946 ·
137 1939 201 2067 que
215 1918 327 1982 eodem
342 1918 436 1983 modo
450 1918 512 1984 dici
531 1917 688 2017 potuisse:
712 1921 757 1984 ἵνα
773 1925 812 2002 μὴ
827 1920 938 2004 ῥέξομεν
952 1918 1013 1998 ὦδε,
1027 1935 1085 1986 nec
1099 1855 1183 1984 desi·

160 2003 255 2068 erabo
273 2005 467 2070 secretiorem
481 2017 632 2070 rationem
645 2031 652 2070 :
675 2006 721 2071 ἵνα
734 2029 799 2070 esse
813 2005 934 2072 dictum
948 2005 1009 2070 alio
1023 2029 1096 2085 usu,
1111 2029 1184 2070 cum

138 2089 266 2160 duriore
282 2091 401 2178 ellipsi:
426 2113 597 2179 quaecum
616 2091 661 2156 ita
682 2092 754 2171 sint,
769 2116 835 2179 quo
854 2092 981 2180 quidem
1004 2091 1110 2171 inodo,
1126 2115 1185 2158 non

129 2175 285 2256 secianus
303 2179 371 2244 ita:
394 2201 458 2243 non
479 2177 579 2266 magis
600 2201 707 2265 quam,
728 2178 753 2244 si
775 2179 921 2244 Atticum
944 2179 1181 2266 frequentatur:

135 2263 180 2328 na
194 2263 225 2328 cl
237 2272 319 2330 τοῦτο
335 2264 446 2350 λέγοιμ
462 2264 619 2329 retinuere
632 2265 728 2329 iidem
738 2265 840 2330 Attici
854 2290 894 2331 ex
909 2289 946 2336 eo
962 2289 1021 2330 usu
1032 2264 1189 2351 antiquo?

135 2354 186 2434 μὴ,
201 2350 247 2414 ἵνα
260 2355 309 2434 μὴ,
326 2350 396 2428 ἴσως
417 2356 468 2435 μὴ,
484 2373 557 2416 cum
570 2350 758 2417 indicativo:
783 2352 824 2416 de
861 2377 903 2417 uo
927 2375 1017 2438 saepe
1032 2372 1182 2416 monuere

134 2435 194 2500 viri
208 2436 293 2502 docti
307 2437 349 2502 ad
364 2437 526 2526 Tragicos
564 2437 603 2502 Il.
620 2444 656 2502 A.
673 2441 738 2503 440
752 2435 826 2520 ἴομεν
841 2458 911 2524 οφροε
933 2465 963 2501 κε
983 2440 1085 2500 ticon
1100 2438 1178 2522 lysi·

132 2525 215 2610 ρομεν
235 2523 410 2614 ὀξὺνἊρηα,
432 2524 607 2591 accuratius
628 2523 821 2590 efferendum
844 2537 911 2589 erat
932 2521 1025 2603 ἴομεν,
1040 2521 1091 2586 vel
1111 2523 1183 2588 εἰσό-

132 2606 216 2691 μεθα,
232 2609 303 2694 ὄρρον
317 2611 472 2699 ἐγείρομεν.
489 2635 600 2676 verum
613 2611 798 2676 incuriosius
811 2610 946 2696 loquuta
958 2621 1006 2672 est
1023 2608 1182 2695 antiquior

132 2709 319 2771 aetas;·'nec
341 2711 417 2777 tam,
442 2696 569 2796 longam
590 2697 728 2762 vocalem
749 2696 946 2785 corripuisse,
968 2695 1100 2760 dicenda
1121 2709 1180 2776 est,

132 2791 231 2932 quam
251 2783 368 2872 potius,
386 2783 547 2849 indicativi
568 2797 600 2850 et
621 2783 811 2873 subjunctivi
832 2784 984 2850 rationem
1005 2795 1122 2848 certam
1143 2805 1181 2846 ac

158 2869 298 2934 efinitam
312 2871 454 2935 nondum
467 2870 623 2936 habuisse.

178 2955 338 3021 Convenit
356 2979 430 3023 cum
450 2956 500 3020 his
527 2956 619 3022 dictis
642 2979 720 3021 usus
747 2978 811 3020 non
832 2977 955 3054 semper
978 2953 1180 3041 grammatice

133 3043 324 3108 constitutus
417 3043 516 3108 'culae
529 3043 578 3123 ἂν,“
595 3044 652 3123 aiv,
667 3065 764 3130 quam
783 3041 878 3107 serior
901 3039 1042 3129 inprimis
1061 3041 1182 3104 Attico-

133 3152 206 3194 rum
221 3153 299 3194 usus
309 3057 437 3194 adpiiiids
450 3129 574 3280 repulus
589 3128 744 3218 alligavit:
768 3129 809 3193 de
823 3128 939 3216 quibus
952 3127 1037 3192 dicta
1050 3151 1080 3190 v.
1097 3128 1178 3192 Exc.

135 3219 194 3280 111
211 3216 254 3280 ad
275 3223 312 3280 A.
333 3230 366 3281 et
383 3218 463 3282 Exc.
502 3217 582 3282 Iad
597 3223 633 3280 Ε.
679 3218 721 3281 In
743 3217 886 3280 Homero
904 3230 1008 3280 tamen
1030 3235 1078 3292 ea,
1098 3237 1181 3300 quae

177 3302 346 3368 teutialiter
360 3315 392 3368 et
405 3302 597 3382 dubitanter,
613 3302 664 3367 vel
677 3302 847 3368 restrictiva
862 3302 945 3367 dicta
964 3313 1048 3379 sunt,
1063 3323 1120 3386 per
1134 3299 1181 3364 in-

157 3390 308 3454 'cativum
330 3413 402 3454 cum
416 3387 450 3454 οἲν
468 3389 518 3454 vel
533 3391 578 3454 κὲν
593 3390 767 3455 efferuntur
785 3412 849 3454 non
871 3388 975 3453 minus
988 3387 1181 3474 frequenter,

133 3499 230 3575 quam
245 3499 319 3542 cum
333 3476 475 3565 optativo
488 3475 539 3540 vel
553 3477 770 3576 subjunctivo:
794 3488 826 3540 et
847 3497 1068 3561 quamcunque
1083 3473 1182 3538 subti-

133 3562 255 3628 litatem
270 3562 450 3628 adhibueris
464 3563 506 3627 ad
525 3563 774 3628 constituendam
794 3562 828 3626 in
845 3561 895 3626 his
911 3561 1063 3634 rationem
1077 3583 1182 3646 gram·
1243 3567 1249 3573 “

135 3649 248 3714 matice
262 3673 303 3714 ex
325 3649 468 3729 loratam‚
483 3649 561 3714 nihil
583 3650 727 3715 effeceris.
773 3647 876 3712 Aliter
891 3671 923 3712 se
936 3670 986 3711 res
998 3647 1140 3725 haberet,
1156 3647 1182 3710 si

135 3735 169 3798 in
186 3738 229 3800 So
252 3673 341 3802 hocle
354 3736 405 3801 vel
428 3735 560 3800 Platone
574 3757 777 3800 versaremur.
823 3737 938 3821 Itaque
957 3733 991 3796 in
1004 3732 1107 3820 prima
1121 3746 1183 3800 sta·

135 3821 193 3886 tim
214 3759 384 3909 rlapsodia
403 3847 433 3886 v.
453 3822 496 3889 66
518 3821 551 3886 οἵ
570 3849 615 3887 κεν
636 3821 879 3902 τως-βούλεται,
902 3833 1038 3886 statuere
1058 3842 1182 3886 necesse

135 3923 192 3989 est,
208 3932 274 3974 non
285 3932 350 3975 esse
386 3933 423 3974 ro
436 3909 572 3991 βούληται
586 3908 734 3996 positum,
751 3906 806 3972 sed
822 3906 998 3994 promiscue
1011 3918 1081 3974 tum
1101 3904 1182 3971 indi-

135 3996 274 4066 nativum
289 4008 321 4062 et
335 3933 571 4082 subjunctivum
591 3996 728 4082 positum
742 4017 819 4073 esse,
834 4007 866 4060 et
884 3993 917 4058 ai
929 4019 974 4057 κεν
988 3990 1054 4078 ἄτερ
1070 3991 1182 4074 σπείρου

137 4087 226 4147 κεῖται
242 4081 359 4148 nullam
384 4081 589 4148 mutationem
612 4079 770 4154 admittit;
792 4103 856 4144 nou
875 4078 973 4166 magis
993 4075 1132 4163 quamsi
1147 4075 1182 4142 οἲν
1254 4125 1256 4130 κ

137 4191 210 4234 cum
223 4169 336 4234 futuro
349 4167 487 4255 positum
501 4166 624 4254 legitur.
672 4167 778 4232 Serius
793 4180 851 4246 est,
867 4164 954 4264 quod
968 4167 1026 4241 ἐὰν,
1042 4185 1082 4226 ex
1097 4167 1120 4227 st
1134 4160 1181 4240 dv,

138 4255 220 4321 idem
259 4253 325 4320 uod
339 4254 372 4319 οἵ
384 4279 441 4334 κεν,
457 4253 627 4320 necessario
641 4277 714 4318 cnm
729 4253 929 4340 subjunctivo
938 4249 1107 4338 jungitur..
1161 4332 1167 4346 ·

183 4337 227 4408 111*
263 4341 300 4422 s,
316 4360 397 4430 quae
407 4341 515 4408 ‘adhuc
526 4341 690 4429 disputata
705 4353 789 4420 sunt,
804 4350 944 4427 apparet,
954 4347 1070 4402 certam
1086 4348 1184 4400 omiu-

438 4427 442 4438 '
621 4430 676 4492 1³3
748 4435 752 4441 '
