2998 5052
498 380 567 446 AD
590 379 740 448 lLlAD.
762 385 802 446 Φ.
1114 385 1179 450 2⁰5

22 583 25 590 ·
135 573 207 618 eum
231 551 360 620 Aeolica
376 553 508 620 mixtam
526 554 638 620 abiisse
660 553 811 620 videmus.
857 555 904 622 Et
920 554 990 643 ipsa
1009 555 1110 624 oratio
1128 581 1183 646 pe·

135 637 248 704 destris
269 663 310 706 ex
331 641 439 706 Ionica
452 653 484 706 et
499 640 619 722 Attica,
656 641 722 706 uod
741 640 867 730 Polybii
886 641 1031 732 exemplo
1044 643 1184 742 primum

136 725 227 792 nobis
241 739 373 808 constat,
388 727 423 792 in
435 727 599 828 uulgarem
659 751 755 816 quem
770 745 944 794 samonem
958 727 1082 796 cauus
1128 733 1185 802 ln-

137 823 223 884 terea
236 837 311 880 cum
332 813 530 914 philosophia
546 814 685 903 primum
703 815 830 886 exculta
846 829 927 881 esset
948 839 1005 906 per
1018 818 1138 905 poetas,
1152 831 1186 884 et

137 900 261 988 poetica
273 901 409 969 canone
426 915 475 967 tot
496 901 751 991 praestantissimi
773 902 843 982 viri,
860 903 937 968 Xen
979 903 1086 983 hanes,
1107 905 1186 970 Pas

138 987 289 1068 menides‚
305 987 513 1088 Empedocles
534 990 595 1076 πυρὶ
615 989 710 1070 φύσιος
726 988 864 1054 carmina
887 1012 946 1054 con
969 989 1107 1071 'dissent
1127 991 1186 1058 etsi

138 1071 188 1138 hic
278 1074 445 1162 gemmus,
460 1089 493 1141 et
507 1075 709 1140 Parmenides
717 1075 862 1150 Eleates;
886 1098 959 1142 nam
971 1077 1187 1166 Xenophanes

142 1076 358 1248 eolibffinius
372 1161 454 1238 fuit;
477 1160 518 1226 ad
540 1183 665 1249 prosam
685 1162 812 1228 tandem
829 1162 969 1228 conversi
992 1161 1185 1246 Heraclitus,

137 1246 354 1327 Democritus,
369 1247 410 1314 ab
428 1247 567 1326 oratione
587 1249 710 1348 poetica
730 1248 862 1336 profecti
876 1248 930 1314 vix
946 1249 1035 1314 initio
1049 1249 1186 1316 multum

141 1333 181 1398 ab
196 1357 234 1398 ea
247 1335 355 1400 abesse
369 1348 510 1423 potuere.
554 1335 698 1424 Historia
710 1349 827 1416 autem,
842 1335 1187 1522 qloeflbssicssfoe‘

141 1419 181 1486 tis
195 1421 324 1486 exordia
338 1445 395 1486 sua
409 1435 571 1501 sumserat,
586 1421 711 1501 sensim,
725 1423 794 1510 ipsa
807 1435 955 1487 oranoms
1038 1437 1127 1488 estrrs
1140 1424 1188 1488 in-

142 1506 213 1572 dole
241 1520 275 1572 et
299 1507 479 1576 necessitate
507 1507 655 1588 adducta,
677 1510 718 1575 ab
740 1509 806 1573 anti
828 1532 871 1574 uo
895 1523 1018 1596 poeuco
1047 1533 1188 1576 sermone

142 1594 267 1661 recessit
282 1607 314 1660 et
328 1595 492 1684 proprium
506 1594 566 1661 sibi
580 1617 753 1661 sermonem
763 1532 943 1676 elaboravit,
953 1595 1010 1696 qui
1018 1596 1086 1684 jam
1101 1597 1189 1662 Ioni·

141 1705 197 1746 cus
219 1682 366 1761 habetur,
381 1695 413 1748 et
434 1682 628 1771 aliquamdiu
647 1683 710 1748 fuit
726 1682 883 1770 prosaicae
905 1683 1037 1747 cranoni
1059 1683 1189 1772 proprio

141 1767 248 1856 aliquo
271 1768 366 1834 modo
388 1781 604 1847 consecratus;
627 1769 727 1834 donec
749 1791 806 1857 per
823 1767 984 1834 historicos
1001 1782 1034 1835 et
1052 1783 1190 1836 oratores

142 1868 272 1920 moret
299 1855 502 1945 philosophos
532 1855 704 1922 Socraticos
728 1855 876 1921 orationis
892 1855 1020 1922 Atticae
1048 1855 1190 1922 studium

142 1941 297 2012 increbuit
311 1943 413 2032 majus
427 1957 460 2009 et
473 1943 688 2019 communius;
704 1942 749 2009 ita
762 1940 864 2008 Ionici
875 1943 1023 2010 sermonis
1031 1967 1108 2010 usus
1122 1967 1191 2010 sen-

143 2029 201 2102 sim
215 2029 331 2096 defecit
345 2042 377 2095 et
390 2029 569 2129 exspiravit.
688 2051 695 2058 “
978 2087 982 2094 .

188 2119 243 2182 Ex
259 2114 298 2180 iis
320 2140 402 2204 quae
425 2117 509 2194 dicta
531 2130 606 2182 sunt
626 2117 821 2217 intelligitur,
837 2118 997 2205 quomodo
1013 2117 1081 2184 lieri
1156 2141 1191 2182 u-

146 2203 215 2283 erit,
231 2216 269 2268 ut
284 2202 480 2283 Herodotus,
495 2203 552 2292 qui
565 2204 683 2270 Dorica
695 2203 816 2292 origine
830 2218 907 2285 erat,
923 2217 1033 2304 utpote
1048 2207 1083 2270 Η
1116 2205 1191 2270 'ccr-

146 2289 309 2370 nassensis,
326 2289 434 2356 Ionice
449 2306 553 2356 tamen
568 2289 731 2379 scripserit.
776 2294 859 2357 Erat
872 2291 955 2356 enim
969 2290 1020 2355 1lle
1035 2314 1136 2356 sermo
1149 2290 1192 2356 ad

145 2375 290 2464 pedestre
305 2387 407 2465 genus
432 2376 588 2442 scribendi
604 2377 672 2466 jam
692 2400 752 2442 usu
770 2400 841 2442 acce
864 2390 926 2455 tus,
941 2376 1193 2442 accommodatus

146 2481 178 2529 et
191 2463 421 2552 frequentatus.
465 2463 598 2529 Utinam
613 2475 808 2562 superessent
841 2401 914 2528 lbra
930 2486 970 2527 ex
990 2463 1193 2551 scriptoribus

151 2553 390 2639 (συγγραφεῦσιν)
407 2549 689 2616 Anteherodoters!
713 2549 789 2614 irat
843 2548 1090 2638 eappadturum
1101 2565 1192 2630 esset,

148 2637 303 2725 apoetico
324 2659 465 2702 sermone
486 2660 587 2724 usque
606 2636 648 2702 ad
663 2636 877 2702 Herodoteam
897 2635 1068 2701 orationem
1084 2637 1194 2702 transi

147 2737 216 2789 tum
231 2746 432 2811 nequaquam
444 2723 542 2790 fuisse
556 2722 696 2789 subitum
710 2736 743 2788 et
761 2737 1023 2802 momentaneum,
1039 2722 1093 2787 sed
1113 2723 1195 2789 colo-

150 2833 215 2876 rem
231 2810 343 2876 sensim
358 2833 424 2876 esse
437 2821 606 2888 mutatum,
618 2822 722 2909 'ecque
744 2809 885 2874 Ionicam
902 2809 1081 2888 dialectum,
1097 2831 1193 2896 quam

148 2910 273 2976 vocant,
287 2919 361 2962 suas
374 2896 456 2962 vices
467 2895 600 2963 subinde
614 2919 757 2962 varrasse.
794 2897 884 2974 Quae
898 2918 938 2959 ex
953 2897 1114 2960 Hecataeo
1128 2896 1194 2960 Mi·
1284 2973 1288 2979 x

149 2983 224 3049 lesio
239 3007 276 3048 su
318 2983 418 3062 rsunt,
435 2983 479 3066 (v.
489 3007 515 3049 c.
532 3006 581 3071 ap.
600 2981 701 3048 Schol.
719 2981 759 3064 Il.
776 2986 814 3046 Ο.
831 2975 1195 3048 transcendente

149 3084 212 3137 cut.
229 3093 253 3136 s.
291 3073 337 3158 2)
354 3083 481 3158 atquae
502 3093 542 3134 ex
560 3069 715 3158 Dionysio
735 3067 862 3132 Milesio
884 3079 1108 3148 memorantur,
1123 3092 1196 3157 pro·

149 3157 238 3246 picra
259 3180 326 3222 esse
347 3156 440 3222 video
461 3154 629 3224 ,Hesiodeis
641 3155 692 3220 vel
716 3154 912 3230 Homericis;
937 3153 1117 3234 Acusilaus,
1137 3155 1196 3220 etsi

150 3244 304 3344 Argivus,
319 3243 375 3332 qui
388 3243 509 3333 primus
524 3243 645 3330 ἱστορίαν
658 3247 745 3323 salac
757 3243 896 3327 ἐξῆὐεγκε,
908 3241 934 3306 si
949 3240 1127 3306 Hesiodum
1140 3263 1196 3308 ex-

150 3331 284 3420 scripsit,
299 3345 338 3396 ut
351 3329 547 3418 exscripsisse
560 3329 706 3408 traditur,
721 3341 804 3394 certe
817 3327 852 3392 in
864 3327 1022 3416 mythicis,
1033 3327 1086 3392 vix
1101 3353 1121 3394 a
1135 3352 1197 3394 ser-

145 3442 243 3486 mone
257 3441 275 3483 e
298 3417 346 3482 'co
359 3415 656 3497 multumnrecedere
669 3415 783 3503 potuit
828 3413 972 3502 Longius
985 3414 1130 3480 recedere
1143 3416 1197 3484 de-

149 3506 248 3572 buere
307 3502 440 3591 ilowphi
462 3527 480 3570 e
501 3502 606 3570 schola
628 3502 748 3582 Ionica,
784 3501 818 3566 ui
898 3501 974 3566 estri
991 3499 1130 3566 oratione
1147 3503 1198 3569 usi

149 3605 225 3658 sunt
240 3616 249 3666 ;
273 3589 308 3656 id
321 3589 408 3678 quod
422 3589 542 3658 docent
560 3613 608 3668 ea,
622 3611 696 3676 quae
718 3526 931 3666 exq'l'halete,
945 3587 1196 3670 Anaximandro,

150 3677 362 3757 Anaximene,
377 3679 581 3764 Anaxagora,
595 3675 710 3764 passim
731 3673 1013 3749 circumferuntur3
1037 3675 1095 3740 etsi
1109 3675 1197 3741 haud

151 3768 275 3854 ignoro,
290 3787 330 3830 ex
385 3763 452 3828 ucis
465 3763 515 3828 his
527 3761 722 3850 fragmentis,
737 3783 819 3849 quae
831 3783 891 3826 suo
902 3761 1050 3826 seriorum
1062 3761 1199 3850 quisque

153 3787 564 4024 nist,
576 3861 710 3927 eu
722 3846 1198 3999 sebae

157 4025 264 4094 Ionice
278 3960 433 4112 scripsisse
447 4023 521 4088 satis
541 3959 687 4097 muz&
712 4020 769 4086 etsi
788 4021 893 4087 schola
915 4021 1117 4108 Pythagorea
1130 4021 1198 4086 Do-

154 4113 219 4180 rico
232 4109 388 4178 scribendi
401 4132 515 4196 genere
529 4132 586 4175 usa
598 4131 664 4174 esse
677 4106 801 4174 dicitur.

198 4201 314 4285 Neque
328 4219 403 4262 vero
416 4207 488 4284 post
503 4194 704 4262 Herodotum
718 4217 819 4258 sermo
834 4192 962 4257 Ionicus
976 4190 1197 4278 ausitidae,

154 4285 211 4350 sed
233 4295 376 4350 mutatus
398 4296 445 4348 est
466 4283 499 4348 in
524 4281 642 4360 multis,
657 4279 745 4370 quod
763 4279 834 4368 Hip
927 4292 970 4358 te,
990 4277 1047 4366 qui
1067 4279 1198 4368 etipse,

157 4373 213 4438 etsi
229 4373 328 4448 Cous,
343 4384 445 4436 tamen
463 4369 570 4450 ionice
587 4367 719 4454 scripsit,
734 4389 805 4430 cum
852 4364 994 4456 ¹erodoto
1007 4379 1198 4454 comparato,
