3026 5056
125 2051 130 2058 ι
260 2009 263 2014 ι
329 1974 385 2030 est.

323 365 367 431 26
693 365 944 432 EXCURSUS
968 366 995 429 1.

414 751 418 759 .
483 673 801 760 EXCURSUS
831 675 919 760 AD
948 671 1137 760 ILIAD.
1169 683 1213 752 Δ.

715 887 983 928 ...φ-...-

666 1035 963 1108 EXCURSUS
999 1035 1029 1108 I.

364 1162 417 1226 De
430 1159 496 1226 acie
509 1157 675 1225 Homerica
690 1166 721 1222 et
734 1159 847 1224 tecticc
860 1157 1041 1224 Achivorum
1054 1165 1089 1220 ct
1106 1152 1304 1242 Trq'euorum
1312 1165 1338 1218 ².

371 1281 456 1344 Cum
477 1277 520 1346 ad
541 1276 673 1344 tacticen
694 1275 789 1358 latius
809 1289 967 1365 acceptam
987 1275 1081 1365 plura
1101 1284 1251 1362 spectent,
1273 1294 1370 1360 quam

328 1387 410 1452 quae
427 1363 479 1430 liic
497 1365 531 1430 in
552 1361 828 1430 considerationem
842 1363 947 1428 venire
968 1372 1118 1450 possunt3
1141 1359 1286 1438 monebo,
1301 1379 1373 1424 eam·

328 1472 412 1514 nunc
433 1449 543 1515 referri
562 1473 582 1514 a
597 1473 648 1515 me
670 1460 800 1514 tantum
816 1450 859 1514 ad
880 1448 1033 1514 rationem
1051 1469 1131 1526 eam,
1153 1467 1219 1533 qua
1239 1443 1372 1510 heroum

329 1535 522 1625 temporibus
542 1535 649 1635 copiae
669 1534 853 1624 descriptae,
873 1533 997 1622 agmine
1017 1545 1050 1598 et
1071 1531 1135 1598 acie
1156 1529 1317 1596 ordinatae
1336 1552 1373 1596 ac

328 1621 495 1710 dispositae
508 1620 644 1697 fuerint;
660 1621 718 1687 etsi
731 1643 795 1684 non
808 1620 920 1710 ignoro
933 1618 975 1684 ad
987 1619 1069 1688 bane
1082 1617 1182 1706 ipsam
1195 1614 1324 1704 requiri,
1335 1625 1372 1681 ut

327 1707 408 1774 bene
431 1706 603 1796 descriptae
624 1705 686 1770 siut
707 1705 814 1793 copiae
836 1705 870 1774 in
892 1727 1038 1772 numeros
1059 1727 1143 1784 suos,
1156 1714 1197 1768 ut
1211 1699 1373 1784 coimtituti

329 1791 392 1858 sint
404 1787 500 1859 duces
513 1814 684 1879 eorumque
698 1790 780 1858 vices
798 1802 830 1858 et
848 1801 970 1880 partes:
994 1811 1129 1891 quarum
1145 1799 1250 1856 tamen
1267 1809 1373 1854 rerum
1445 1853 1447 1858 .

328 1900 393 1943 non
407 1877 467 1944 nisi
480 1877 658 1944 rudimenta
672 1876 775 1942 Iliacis
793 1875 988 1965 temporibus
1003 1875 1173 1943 innotuisse
1186 1874 1220 1940 in
1233 1873 1374 1940 confesso

374 2049 465 2116 Bello
473 2051 541 2140 jem
554 2073 612 2140 per
625 2073 738 2117 novem
752 2074 849 2118 annos
868 2051 910 2118 ad
925 2051 1056 2140 'frojam
1075 2059 1244 2140 protracto,
1261 2047 1376 2146 Troja-

331 2135 380 2202 nis
403 2159 437 2201 se
461 2136 559 2222 muris
583 2137 823 2218 continentibus,
847 2137 979 2206 Achivis
1003 2150 1110 2204 autem
1134 2133 1249 2224 partim
1274 2155 1376 2200 vicina

330 2246 475 2311 quaeque
502 2222 737 2322 popidentibuS,
766 2223 882 2311 partim
909 2224 1074 2290 escendere
1100 2244 1209 2287 muros
1238 2220 1288 2308 (Z.
1312 2222 1377 2286 485

331 2313 417 2399 sqq.)
440 2322 471 2375 et
494 2308 612 2374 insidiis
635 2309 821 2376 collocandis
845 2310 990 2376 fraudem
1014 2310 1116 2376 facere
1140 2305 1375 2386 meditantibus,

331 2417 389 2464 nec
411 2395 523 2462 urbem
545 2393 591 2460 ite
612 2396 652 2463 eb
675 2394 760 2462 omni
782 2407 871 2484 purte
894 2395 1108 2462 obsidentibus
1124 2405 1166 2459 ¹ut
1187 2392 1272 2459 omni
1293 2414 1377 2458 com-

331 2492 438 2548 meatu
452 2479 610 2558 interclusi
623 2494 725 2550 essent
737 2481 883 2570 Trojani;
902 2505 975 2550 cum
989 2481 1031 2552 ed
1043 2480 1117 2548 belli
1132 2501 1285 2546 summam
1299 2476 1378 2544 nihil

332 2589 521 2655 magnopere
544 2567 748 2656 profecissent
770 2567 905 2635 Achivi:
931 2581 1041 2635 exorte
1062 2567 1144 2633 inter
1166 2563 1324 2632 Achillem
1338 2574 1379 2630 ‘et

332 2654 605 2752 Agamemnonem
622 2653 789 2735 simultate,
804 2676 877 2720 cum
895 2653 948 2722 ille
966 2654 1064 2721 iratus
1083 2676 1116 2720 se
1135 2674 1271 2740 suosque
1285 2653 1378 2739 Myr-

332 2738 474 2804 midones
487 2739 528 2804 ab
547 2739 632 2804 omni
651 2739 777 2808 militari
796 2762 893 2828 opera
911 2740 1094 2820 contineret,
1109 2742 1143 2805 A
1217 2759 1330 2804 emnon
1345 2736 1379 2801 in

333 2823 964 2978 illeliilriimoenoelmmnill’li
983 2825 1249 2977 edifficiis
1262 2825 1380 2976 {tlt

333 2996 440 3062 cordis
459 2995 493 3096 in
515 2996 623 3064 castris
643 2935 899 3086 hillini-iiiios,
911 2936 1036 3080 1iidbcti,
1058 2996 1137 3063 urbe
1160 2933 1245 3064 eiiire
1267 2987 1380 3090 cpiisti-

334 3093 448 3148 tuunt:
478 3081 513 3148 id
534 3083 622 3170 quod
642 3094 735 3148 antee
754 3106 819 3148 non
839 3096 928 3150 eraut
948 3083 1016 3150 ausi
1037 3083 1149 3164 fecere,
1171 3081 1227 3167 (It
1247 3088 1283 3146 Ε.
1304 3083 1378 3152 788.

335 3169 408 3239 791.
431 3172 458 3231 Ι.
478 3170 541 3234 351
562 3189 607 3255 sq.
630 3172 669 3232 N.
690 3171 800 3234 lois
821 3173 882 3258 sq.)
906 3170 1061 3236 seniorum
1079 3168 1140 3236 hoc
1156 3166 1285 3256 quidem
1306 3189 1380 3234 con·

335 3252 403 3318 silio
418 3250 475 3337 (Il.
490 3257 529 3318 Ο.
545 3255 688 3340 tel-3)
704 3251 760 3341 qui
780 3253 861 3321 bene
881 3255 1106 3346 intelligebant,
1120 3266 1280 3346 protracto
1296 3251 1380 3320 bello

334 3339 476 3404 Achivos
486 3337 605 3404 viribus
615 3338 721 3405 fractis
735 3363 770 3405 re
783 3339 898 3408 infecte
911 3341 1097 3408 discessuros
1110 3363 1185 3408 esse.
1209 3341 1283 3406 Hoc
1293 3339 1379 3406 idem

334 3424 498 3491 consilium
511 3438 548 3491 ut
562 3439 777 3513 sequerentur,
792 3450 827 3492 re
840 3427 882 3492 ad
896 3423 1020 3494 navalis
1030 3428 1103 3494 setis
1115 3449 1264 3517 prospere
1277 3436 1379 3516 gesta,

335 3512 485 3601 Trojanis
498 3511 649 3603 suadebat
663 3512 871 3602 Polydsmes3
887 3535 998 3580 verum
1012 3515 1144 3597 Hector,
1155 3512 1270 3602 partim
1284 3513 1380 3578 animi

336 3598 452 3664 ferocia
464 3597 715 3750 elatuspertim,
726 3601 815 3750 quod
828 3599 902 3665 belli
915 3598 1209 3698 diuturnitateopes
1224 3601 1380 3690 Trojano-

335 3707 408 3750 rum
421 3684 543 3751 attritas
556 3708 589 3749 vi
611 3685 694 3765 ebat,
713 3687 745 3768 (Ι
760 3734 767 3750 .
783 3685 820 3758 Σ.
836 3689 900 3754 285
915 3688 977 3774 sq.)
992 3684 1106 3752 iterum
1121 3685 1281 3754 includere
1294 3709 1380 3752 moe-

336 3771 430 3838 nibus
442 3772 547 3861 eopiae
560 3770 669 3838 uoluit

369 3961 381 3986 ⁸
396 3952 445 4016 Egi
459 3953 489 4002 de
502 3953 540 4002 liis
552 3953 579 4001 lii
591 3952 803 4004 Commentators
813 3971 837 4006 e.
878 3957 937 4006 benc
952 3972 1000 4006 voit
1017 3949 1104 4017 Troia,
1120 3970 1145 4018 p.
1160 3952 1229 4017 246.)
1247 3961 1381 4006 retractata

336 4017 482 4067 Lxxxiii.
498 4018 600 4067 recitate
610 4023 636 4067 et
645 4019 694 4068 vol.
704 4019 748 4067 vi.
763 4020 838 4069 com-
877 4035 906 4071 eii
917 4027 975 4071 sunt
985 4035 1001 4070 a
1012 4019 1104 4070 banaio
1115 4019 1142 4068 in
1151 4018 1255 4069 Comitis
1265 4021 1296 4068 de
1308 4021 1379 4070 tuoe

337 4082 517 4132 mutationum
528 4080 616 4131 Societ.
625 4083 717 4132 neoc.
724 4083 836 4147 Gotting.
876 4087 930 4134 real
942 4084 1124 4150 Goqffierlibro
1133 4084 1221 4134 similis
1231 4086 1379 4148 argumenti.

337 4147 430 4201 ineerta
440 4161 464 4210 p.
476 4146 530 4196 137.
558 4146 732 4196 Emendatiora
742 4155 836 4210 postem
877 4149 995 4212 Repetens
1010 4150 1061 4200 ui.
1076 4150 1379 4212 sequestraremus&

337 4219 367 4260 ut
375 4211 413 4271 fit,
425 4226 507 4259 rerum
520 4225 566 4260 usu
579 4210 679 4259 edoctus
693 4212 789 4274 prodidi
805 4215 837 4263 ed
876 4214 993 4264 carminis
1013 4215 1098 4266 usibus
1121 4216 1305 4268 accommodata
1326 4231 1379 4268 csse

337 4275 430 4325 mecm
445 4274 503 4324 libii
523 4275 554 4325 dc
569 4275 663 4338 campo
678 4277 837 4327 Scamandiio
875 4277 1006 4331 aiseium.
1056 4313 1060 4320 -
1132 4287 1140 4293 ‘

338 4339 503 4394 muratorii
522 4339 720 4405 (Berchrcibeng
737 4343 783 4392 dci·
797 4341 835 4394 Ε·
