3026 5056
296 345 340 412 ss
525 311 526 314 ‘
693 339 946 408 nxeuasus

294 516 389 596 enim,
438 514 503 582 uod
528 513 626 601 vulgo
650 511 799 593 ereditur,
825 535 899 580 eum
922 525 995 580 ante
1020 524 1121 588 eastra
1143 512 1341 578 Achivorum

295 538 946 756 ebuis
960 601 1345 751 ‘imi

297 789 380 842 etam
405 797 483 849 esse,
504 773 581 862 ipse,
603 772 717 862 inquit,
738 785 834 862 ma
853 709 967 838 iiiiii
987 774 1029 839 1.
1051 779 1095 837 M.
1120 795 1168 861 pr.
1192 795 1257 872 qua
1279 771 1345 836 val-

299 861 378 940 lum,
393 860 481 948 quod
497 881 555 948 per
572 859 683 926 coliem
701 859 904 947 sepulcralem
923 860 966 927 ad
984 859 1018 923 id
1040 873 1165 947 tempus
1181 858 1348 923 Srmoentis

300 970 430 1014 cursum
440 946 482 1016 ,in
495 945 585 1012 alveo
603 946 664 1012 isto
681 945 799 1012 boreali
818 945 1025 1026 continuerat,
1041 945 1107 1011 solo
1120 957 1303 1033 aequatum,
1319 945 1347 1010 ei

302 1033 404 1100 amnis
423 1032 571 1099 deoursui
591 1031 696 1098 locum
716 1031 800 1112 feeit,
816 1041 882 1120 qbo
903 1055 988 1098 nune
1004 1029 1057 1096 ilie
1070 1032 1172 1096 fertur
1185 1031 1286 1111 alveo,
1302 1053 1350 1096 re-

159 1115 165 1124 ’
194 1207 197 1212 Ι
303 1133 453 1220 motoque
478 1119 651 1198 obstaculo,
673 1142 779 1184 seeum
803 1119 911 1186 tractis
931 1118 1014 1184 saxis
1035 1118 1257 1218 stipitibusque
1277 1139 1351 1182 eum

304 1208 390 1286 hmo,
414 1205 553 1294 explevit
578 1205 681 1270 sinum
705 1205 787 1270 iuter
809 1206 875 1271 duo
897 1217 1121 1294 promontoria,
1146 1227 1242 1292 quem
1268 1225 1352 1268 nune

307 1315 447 1372 arenosa,
467 1292 582 1380 partim
601 1291 755 1380 paludosa
774 1291 1063 1380 terra·oecupavit;
1087 1309 1144 1356 nec
1164 1305 1269 1356 tamen
1289 1313 1354 1354 uno

308 1379 457 1467 temporis
481 1393 641 1444 momento
668 1380 750 1444 hanc
778 1378 835 1444 soli
863 1379 1075 1468 aggestionem
1100 1377 1237 1448 euenisse
1265 1373 1355 1440 senile

309 1464 502 1532 eoncesseris.
548 1466 664 1553 Itaque
683 1465 846 1531 Strabonis
865 1479 924 1531 aut
941 1464 1094 1530 Demetrii
1117 1463 1234 1552 Scepsii
1255 1474 1357 1526 aetate

304 1554 441 1618 Novum
457 1551 565 1630 Ilium,
604 1552 670 1618 uod
690 1552 724 1616 in
737 1553 806 1618 loco
827 1552 913 1618 edito
933 1552 1071 1639 positum
1093 1562 1171 1630 erat,
1186 1571 1259 1614 cum
1273 1571 1358 1614 acro

311 1637 377 1790 Fon
398 1661 457 1704 sua
477 1636 566 1702 haud
581 1576 711 1726 iongius
727 1639 804 1704 XII
820 1638 927 1704 stadiis
940 1660 961 1703 a
972 1651 1068 1726 portu
1083 1637 1285 1702 Achaeorum
1307 1635 1361 1700 ab·

327 1724 408 1790 uisse
429 1736 586 1802 narratur,
602 1736 634 1788 et
647 1735 742 1804 recte,
758 1725 784 1788 si
802 1725 968 1813 antiquum
990 1723 1103 1788 littoris
1124 1724 1220 1788 situm
1241 1733 1274 1788 et
1294 1745 1361 1786 mo-

180 1888 185 1891 ·
313 1811 392 1876 dum
405 1809 609 1898 reputaveris
633 1812 711 1875 Post
726 1811 888 1876 Strabonis
901 1823 1032 1876 aetatem
1045 1809 1250 1876 multoetiam
1261 1809 1362 1898 magis
1390 1867 1395 1875 .
1436 1818 1439 1826 '

311 1908 445 1994 auctum
464 1894 589 1993 longius
607 1919 641 1996 qn
662 1917 749 1961 mare
767 1895 857 1962 littus
875 1897 1025 1985 prooessit
1038 1908 1071 1962 et
1084 1895 1187 1960 multo
1205 1895 1364 1983 longiusa

316 2005 395 2080 man
409 1981 496 2080 locus
510 2004 547 2046 ae
562 1993 639 2048 situs
654 1982 728 2048 novi
743 1982 799 2048 Ilii
810 1996 858 2050 est
872 1983 1079 2072 quaerendus.
1118 1984 1173 2048 Ex
1188 2005 1245 2046 sua
1258 1993 1364 2048 mente

315 2068 364 2134 vir
385 2089 563 2155 mgemosus
584 2091 709 2134 omnem
729 2090 872 2159 pugnam
894 2069 1028 2136 Achillis
1052 2091 1125 2136 eum
1151 2068 1363 2144 Scamandro3
1498 2059 1499 2090 ¹

317 2152 435 2306 qraeba
448 2152 530 2220 inter
544 2154 686 2221 Achivos
700 2169 733 2222 et
747 2157 914 2246 'Ibojanoa
930 2172 962 2222 et
976 2157 1044 2222 loca
1057 2155 1239 2231 eonstituit;
1256 2158 1364 2235 Cares,

347 2262 469 2320 aeones,
490 2239 634 2340 Leleges,
654 2245 827 2324 Caunum,
848 2243 1007 2331 Pelasgos,
1026 2243 1080 2329 (ΙΙ.
1102 2249 1140 2307 K.
1156 2246 1230 2308 428.
1247 2243 1367 2328 429st

320 2326 489 2414 Thymbra
502 2338 535 2392 et
550 2329 719 2409 Simoente,
734 2329 852 2416 quibus
865 2327 941 2394 locis
960 2353 1013 2395 eos
1032 2328 1200 2394 tetendisse
1221 2329 1367 2394 eredeba-
1501 2347 1502 2350 ’

318 2435 401 2492 mus,
416 2426 556 2480 removet
569 2426 602 2480 et
615 2415 656 2480 ad
670 2439 755 2480 mare
769 2439 789 2480 a
803 2415 916 2481 dextra
931 2429 1021 2504 parte
1040 2425 1212 2481 castrorum
1227 2414 1368 2480 Achivo-
1502 2409 1503 2444 ¹

318 2522 391 2564 rum
412 2498 555 2580 collocat,
573 2500 710 2588 indeque
730 2502 824 2567 11.‹1›.
844 2506 909 2568 205
931 2525 998 2591 sqq.
1021 2503 1123 2568 lueem
1142 2501 1288 2582 affundit,
1311 2502 1368 2568 ubi
1503 2496 1504 2512 ¹

320 2587 461 2650 Paeones
482 2585 516 2650 in
539 2587 764 2652 Seamandnnn
889 2589 1039 2678 pitantur.
1084 2592 1186 2654 Porro
1204 2587 1246 2655 Ili
1261 2603 1370 2654 tumu-

320 2669 382 2750 lus,
400 2671 515 2769 inquit,
569 2671 743 2770 'habiliter'
757 2611 1060 2756 affluendum,
1081 2698 1145 2740 non
1165 2675 1207 2740 ad
1230 2674 1370 2744 Simoen-

322 2770 397 2837 tem,
424 2770 503 2824 situs
546 2771 604 2838 uit,
630 2759 718 2824 haud
746 2759 758 2824 l
869 2761 978 2826 subter
1007 2761 1188 2826 Scamandri
1218 2761 1367 2828 fontibus,

322 2843 492 2908 Declarata
512 2844 589 2910 haee
610 2845 699 2910 dabit
720 2844 984 2934 ingeniosissimus
1005 2847 1054 2912 vir
1080 2848 1188 2914 tabida
1208 2850 1370 2950 chorogra-

319 2930 412 3014 putea
433 2929 476 2996 ad
496 2930 671 2998 naturalem
692 2931 832 2998 locorum
854 2933 949 2998 situm
964 2957 1004 2999 ex
1017 2936 1184 3022 geologs'eis
1196 2935 1369 3002 rationibus

322 3015 527 3100 adumbrata:
551 3040 648 3106 equa
662 3041 811 3106 apparere
826 3018 886 3099 ait,
896 3020 947 3084 isti
961 3020 1097 3085 naturali
1112 3021 1184 3088 situi
1200 3022 1274 3086 satis
1289 3024 1369 3091 bene

323 3101 512 3189 respondere
527 3101 729 3168 Homerieam
748 3106 902 3193 chorogra
923 3106 1017 3186 biam,
1034 3129 1116 3194 quae
1135 3101 1208 3172 cum
1226 3129 1274 3187 ea,
1289 3131 1370 3198 quae

325 3209 411 3262 nuuc
423 3201 471 3256 est
484 3187 635 3270 locorum,
651 3189 730 3258 facie
743 3191 832 3260 nullo
857 3197 861 3206 ’
921 3215 941 3257 ο
955 3192 1128 3286 comparari
1142 3207 1257 3287 potest.
