2998 5052
319 334 387 412 sss
693 331 995 410 ausurum

318 517 433 597 miuus,
456 515 562 616 potius
580 512 780 604 conjunctivo
793 513 947 592 utuntur,
963 527 999 579 ut
1015 513 1071 601 qui
1089 515 1134 579 rei
1148 537 1222 579 vere
1235 514 1357 599 futuras

318 617 527 692 praesentlsve
541 602 698 667 notionem
712 599 880 668 contineat.
914 603 1034 666 Contra
1047 600 1088 665 de
1101 599 1276 688 praeteritis
1290 615 1361 664 con·

317 689 391 754 siliis
405 689 638 778 conjunctivum
660 689 705 753 ibi
728 699 892 775 usurpant,
907 687 963 752 ubi
983 688 1111 752 effectus
1130 687 1236 752 adhuc
1253 685 1358 766 durat,

221 801 223 806 ·
316 775 367 840 vel
381 776 609 864 exspectandus
623 787 688 850 σοις
712 797 813 862 quum
827 787 932 839 autem
943 774 1011 862 jam
1024 773 1194 861 praeteriit,
1210 772 1356 861 quoniam

231 908 233 921 ι
316 861 351 927 id
364 863 479 927 diserte
493 862 599 926 nullus
613 861 780 926 verborum
801 861 914 925 modus
935 860 1062 938 indicat,
1077 859 1253 947 optativum
1265 859 1356 923 adhi.

315 947 402 1027 bent,
418 948 473 1035 qui
492 945 593 1036 quum
612 947 758 1011 effectum
778 969 841 1011 non
860 969 982 1025 verum,
999 947 1053 1012 sed
1074 946 1167 1010 modo
1186 969 1223 1032 co
1246 945 1355 1009 ’tatum

315 1049 414 1113 notet,
429 1035 538 1098 saltem
557 1056 620 1098 non
641 1033 793 1120 siguificat
814 1056 887 1097 eum
907 1033 1011 1096 adhuc
1032 1055 1167 1110 manere,
1183 969 1256 1096 sed¹
1252 1031 1355 1118 potius

314 1121 411 1184 refert
424 1120 466 1185 ad
484 1119 564 1185 illud
585 1132 721 1207 tempus,
737 1143 802 1206 quo
822 1132 948 1206 captum
971 1131 1018 1182 est
1035 1117 1210 1182 consilium.
1259 1117 1299 1182 Il.
1316 1125 1354 1200 H.

315 1208 388 1270 438.
405 1210 433 1268 ἓν
447 1207 468 1268 δ’
484 1211 592 1270 αὐτοῖσι
606 1209 696 1281 πύλας
709 1205 837 1269 ἐνεποίεον
852 1204 880 1269 εὗ
896 1204 1041 1292 ἀραρυίας,
1057 1203 1127 1292 θφρα
1142 1206 1174 1267 δι’
1190 1205 1301 1268 αὐτάων
1316 1210 1356 1266 ir-

313 1291 438 1370 πηλασίη
454 1293 511 1366 ὁδὸς
525 1291 573 1370 εἴη.
614 1291 736 1358 Eadem
751 1291 848 1356 verba
861 1302 984 1355 exstant
996 1313 1026 1353 v.
1039 1293 1113 1360 339.
1130 1289 1185 1354 sed
1198 1285 1355 1388 quum'ibi

312 1378 460 1460 ποιήσομεν
474 1376 608 1457 dicatur,
624 1378 682 1442 etsi
697 1378 734 1456 εἴη
749 1400 812 1440 non
835 1391 881 1442 est
898 1377 1022 1454 falsum,
1039 1389 1142 1441 tamen
1162 1375 1222 1439 nisi
1242 1375 1356 1463 siguifi-

313 1463 377 1528 cari
390 1463 487 1544 voles,
501 1475 536 1528 at
546 1465 643 1547 possit
657 1485 731 1543 esse,
746 1463 945 1550 conjunctivo
965 1485 1057 1527 usum
1071 1486 1137 1528 esse
1153 1475 1279 1550 poetam
1294 1465 1357 1526 c're-

313 1549 378 1615 das.
424 1551 557 1615 Frustra
578 1564 683 1615 autem
705 1549 894 1638 conjunctivi
915 1549 1048 1613 formam
1068 1547 1105 1637 είῃ
1125 1549 1159 1612 in
1179 1546 1355 1614 Tbierscbii
1437 1601 1440 1608 .

403 1636 515 1701 metica
526 1636 697 1701 Homerica
707 1659 852 1723 quaeras:
869 1657 965 1722 quam
980 1647 1084 1699 tamen
1098 1634 1232 1724 diligens
1245 1650 1357 1723 poetae

312 1659 404 1788 {iiii
425 1744 489 1787 non
510 1745 576 1786 uno
597 1721 675 1803 loco,
699 1721 820 1810 opinor,
834 1721 997 1786 vindicare
1018 1720 1151 1820 poterit:
1174 1721 1247 1786 vide
1266 1721 1312 1786 11.
1325 1727 1353 1786 1.

313 1811 391 1874 245.
414 1808 474 1872 Od.
491 1812 528 1872 0.
542 1811 617 1876 448.
638 1813 671 1872 P.
682 1807 758 1874 586.
773 1832 876 1896 neque
890 1808 990 1887 aliter,
1005 1807 1063 1872 msi
1077 1807 1179 1894 failor,
1195 1807 1236 1871 11.
1251 1809 1289 1872 Σ.
1301 1811 1352 1872 88.

312 1895 432 1959 Utrum
455 1907 561 1959 autem
584 1892 621 1982 είρ
644 1916 684 1958 an
706 1895 737 1982 ἥρ
759 1907 905 1982 praestet,
928 1917 991 1958 nou
1013 1893 1221 1982 dijudicarim.
1268 1893 1352 1957 Illud

310 1992 431 2044 certum
453 1994 511 2061 est,
528 1980 714 2046 Aristarcho
730 1994 761 2047 et
780 1981 1023 2066 accuratioribus
1042 1980 1257 2068 grammaticis·
1270 1980 1357 2064 (vide

310 2069 420 2154 Etym.
438 2067 486 2130 M.
502 2090 534 2154 p.
546 2069 621 2147 787,
633 2068 690 2154 26)
707 2066 790 2155 φανήῃ
805 2065 943 2156 aliasque
958 2067 1070 2132 similes
1083 2067 1199 2131 formas
1213 2065 1306 2130 etiam
1321 2065 1354 2130 iu

310 2151 360 2216 his
379 2152 492 2230 verbis,
512 2153 665 2240 aquibus
684 2152 889 2218 Thierschius
909 2177 961 2218 eas
982 2153 1161 2240 abjudicare
1180 2176 1277 2217 ausus
1296 2165 1351 2231 est,

309 2238 457 2337 probatas
474 2237 578 2304 fuisse.
599 2275 604 2282 ·
624 2239 688 2304 Sed
701 2239 761 2304 hoc
775 2239 884 2306 obiter.
929 2233 1067 2326 Utrique
1086 2239 1181 2304 modo
1200 2239 1290 2304 locus
1308 2252 1355 2304 est

310 2347 343 2388 rn
357 2325 428 2403 hoc,
445 2324 485 2388 Il.
499 2329 539 2390 X.
551 2329 626 2391 353.
642 2333 686 2390 νῦν
700 2324 767 2390 adri
781 2351 817 2408 με
832 2326 913 2410 θομθς
926 2331 1022 2404 ἀνῆκεν
1036 2326 1169 2407 στήμεναι
1185 2326 1267 2414 ἀντία
1283 2331 1350 2404 σεῖο,

310 2409 402 2492 ἕλοιμί
416 2435 462 2474 κεν
477 2411 494 2489 ἦ
508 2438 553 2476 κεν
567 2411 674 2492 ἁλοίην,
685 2426 782 2499 prout
792 2413 834 2477 ad
847 2425 972 2500 tempus
986 2411 1070 2510 capti
1082 2411 1211 2490 consilii,
1223 2411 1275 2476 vel
1288 2435 1355 2499 quo

308 2497 480 2646 pqpficitur,
502 2497 626 2562 referas.
672 2498 735 2563 Sed
757 2512 845 2586 putet
866 2499 919 2563 hic
942 2497 1075 2587 optativi
1095 2522 1171 2562 usus
1192 2497 1355 2592 aliquanto

366 2607 413 2661 us,
429 2595 461 2648 et
475 2607 566 2670 saepe
580 2583 673 2649 etiam
692 2583 726 2648 in
739 2585 968 2650 constructione
986 2583 1212 2672 particularum
1233 2599 1353 2672 tempo»

308 2667 422 2734 rabum
443 2669 588 2733 sentitur.
635 2669 674 2734 Il.
691 2677 730 2736 A.
745 2669 820 2736 363.
840 2675 888 2736 civ
910 2673 937 2735 δὲ
958 2675 1052 2735 πλεῖον
1073 2670 1156 2745 δέπας
1178 2671 1230 2734 atet
1254 2671 1351 2758 ἕστηχ’

308 2752 401 2841 dors?
423 2756 492 2838 ἐμοί,
515 2757 607 2835 πνέειν,
628 2753 673 2819 dre
693 2758 774 2840 θυμθς
796 2759 910 2844 ἀνώγοι.
948 2756 1010 2822 Od.
1028 2762 1068 2822 Θ.
1085 2756 1139 2828 69.
1155 2761 1213 2845 πθρ
1233 2761 1255 2822 7
1276 2758 1353 2821 ἐτίθει

309 2840 414 2920 κάνεον,
435 2842 522 2920 καλήν
539 2869 575 2904 ’τε
596 2843 746 2927 τράπεζαν,
767 2847 823 2928 πὰρ
845 2845 873 2908 δὲ
895 2843 976 2919 δέπας
999 2842 1087 2922 οίνοιο,
1106 2847 1186 2921 πιεῖν,
1207 2842 1252 2907 ὅτε
1275 2847 1354 2926 θυμὸς

307 2927 419 3010 ἀνώγοι.
454 2927 486 2992 si
510 2927 654 2993 nificatur
668 2928 751 3010 enim
766 2929 915 3016 poculum
930 2952 967 2993 ea
980 2942 1085 2994 mente
1099 2929 1290 3016 appositum,
1307 2943 1352 3008 ut,

308 3013 437 3098 quando
450 2951 554 3093 vadet,
569 3014 699 3079 biberet.
731 3015 795 3079 Sed
808 3015 840 3078 in
853 3015 957 3103 priore
971 3015 1040 3080 loco
1054 3039 1135 3104 quae
1173 3017 1352 3090 macedum,

306 3097 367 3184 rip·
381 3098 432 3180 μίν
447 3124 480 3161 σε
495 3099 547 3164 τίον
562 3106 690 3178 Δαναῶν,
707 3101 773 3182 ἥμέν
791 3101 827 3164 ἐνί
848 3102 990 3188 πτολέμῳ,
1006 3104 1043 3180 ἠδ’
1060 3106 1085 3166 ἐν
1101 3037 1181 3180 δαίθ’),
1197 3101 1244 3166 ὅτε
1256 3103 1308 3189 trip
1322 3127 1351 3164 τε

306 3184 448 3268 γερούσιον
470 3185 569 3250 αίθοπα
591 3187 656 3249 οίνον
674 3186 810 3272 Ἀργείαν
829 3194 854 3264 οἱ
872 3185 980 3273 ἄριστοι
1000 3189 1035 3251 ἐνί
1056 3193 1187 3274 κρητῆρσι
1207 3187 1352 3277 κέρωνται,

305 3282 447 3355 apparet,
463 3272 698 3358 conjunctivum
715 3273 931 3360 haberaquia
950 3297 1000 3338 res
1019 3295 1082 3337 non
1102 3297 1142 3337 ex
1164 3274 1352 3362 cujusquam

305 3353 492 3440 cogitatione
507 3379 656 3443 suspensa
669 3371 724 3422 est.
764 3358 858 3437 Quod
873 3359 898 3422 si
913 3359 945 3424 iu
960 3359 1068 3424 eadem
1082 3382 1117 3422 re
1131 3383 1160 3422 v.
1173 3362 1248 3424 344.
1264 3375 1352 3449 opta

306 3440 406 3506 tivum
421 3441 574 3520 videmus,
593 3442 619 3505 is
634 3443 794 3529 quomodo
815 3445 1019 3532 explicandus
1039 3444 1090 3523 sit,
1113 3445 1196 3510 infra
1217 3447 1350 3514 dicetur.

306 3527 369 3592 Sed
384 3527 558 3592 accuratius
572 3528 728 3615 quaedam
742 3551 781 3592 ex
796 3529 856 3594 hoc
939 3555 991 3596 ere
1008 3529 1248 3598 consideremus.
1287 3533 1348 3599 Od.

260 3673 264 3686 .
304 3615 341 3679 Σ.
355 3614 427 3680 147.
442 3614 504 3696 μηδ
519 3615 678 3689 ἀντιάσειας
692 3615 794 3700 ἐκείνῳ,
811 3621 910 3680 θπποτε
925 3620 1074 3696 νοστήσειε.
1112 3620 1248 3707 Νοστῆσγ
1264 3619 1289 3684 si
1304 3620 1351 3684 di-

302 3711 396 3776 ceret,
418 3723 484 3763 esse
512 3700 689 3765 rediturum
711 3700 860 3788 Ulyssem
888 3702 1055 3768 indicaret:
1086 3724 1181 3782 nunc,
1208 3705 1350 3793 optativo

302 3795 390 3865 usus,
405 3785 559 3849 incertum
573 3786 687 3867 reddit,
703 3810 744 3851 au
759 3787 798 3852 sit
812 3787 985 3854 rediturus:
1002 3801 1039 3858 ut
1054 3789 1078 3853 si
1092 3789 1185 3878 plene
1198 3792 1259 3857 hoo*
1272 3791 1349 3855 velis

302 3871 488 3959 exprimere,
507 3870 677 3937 dicendum
699 3873 749 3952 sit,
770 3895 861 3958 quum
880 3876 1012 3955 redierit,
1029 3876 1057 3939 ον’
1073 3877 1191 3941 redibit.
1237 3877 1288 3943 Sic
1303 3885 1344 3940 Π.

302 3960 375 4029 391.
398 3963 437 4022 Φ.
454 3956 527 4023 161.
550 3965 566 4035 ἡ
586 3958 615 4020 δέ
632 3960 658 4021 κ’
678 3958 773 4022 ἔπειτα
789 3960 914 4042 γήμαιθ’,
937 3959 964 4035 τίς
985 3989 1031 4026 κεν
1048 3966 1173 4025 πλεῖστα
1191 3963 1282 4050 πθροι,
1297 3965 1345 4044 καί

302 4041 436 4130 μόρσιμος
451 4043 530 4110 ἔλθοι.
554 4047 588 4106 Β.
606 4045 678 4108 335.
702 4050 746 4108 [Ι.
761 4047 833 4110 385.
858 4045 931 4109 οίκία
947 4048 968 4108 δ’
983 4047 1051 4110 αιἰτε
1068 4047 1164 4128 τούτου
1179 4050 1276 4136 μητέρι
1292 4053 1344 4112 δοῖ-

302 4153 351 4192 ιοεν
371 4129 456 4213 ἔχειν,
479 4132 516 4209 ἦθ
538 4129 613 4205 ὅστις
634 4129 731 4194 θπνίοι.
775 4130 880 4194 Aliter
894 4135 931 4195 O.
949 4136 1000 4196 30.
1018 4131 1096 4197 οίσθα
1110 4137 1181 4217 γὰρ,
1198 4135 1248 4208 olor
1263 4135 1341 4214 θνμθς

300 4215 336 4276 ἐνί
352 4215 482 4291 στήθεσσι
497 4215 636 4297 γυναικίς·
653 4215 739 4304 κείνοιο
753 4216 886 4298 βοςίλεται
902 4217 974 4281 οίκον
988 4217 1166 4298 deitassui}
1182 4246 1228 4281 κεν
1242 4220 1337 4283 ὀπυίοιι

300 4298 354 4364 ubi
369 4323 470 4386 quum
486 4302 526 4366 de
547 4326 584 4368 ea
603 4325 704 4368 sermo
725 4301 775 4381 sit,
795 4325 877 4389 quae
898 4325 932 4368 re
953 4327 1027 4376 vera
1048 4304 1164 4372 hab'eat
1183 4304 1341 4381 maritum,
