3008 5056
432 379 500 457 ΑΙ)
523 388 673 458 ILIAD.
695 389 732 462 Σ.
756 385 829 462 478.
1089 399 1149 463 141

107 572 188 625 strae
201 575 372 650 comparat.
419 563 524 628 Notus
546 577 593 629 cst
616 563 722 628 similis
741 562 826 652 pepli
841 563 965 630 unuin
979 564 1080 632 teletis
1095 558 1156 634 Or-

106 646 223 734 phicis;
248 663 345 714 notus
364 671 493 738 quoque
512 651 626 738 peplus
645 650 810 716 Minervae
827 652 965 718 Athenis
983 653 1017 716 in
1037 674 1156 743 pompa

107 731 341 800 Panathenaica
353 736 427 802 duci
442 735 559 801 solitus.
605 739 658 802 Ita
671 758 746 802 vero
764 761 822 803 nec
841 738 945 803 minus
959 739 1044 805 orbis
1058 752 1155 807 terra·

105 843 177 884 rum
192 821 225 885 in
241 821 352 887 tabula
362 845 417 888 seu
431 822 465 887 in
477 821 572 911 plano
585 823 692 912 aliquo
705 847 745 888 ex
759 845 830 889 aere
884 837 1014 890 nartem
1030 849 1155 914 expres-

106 929 162 970 sus
179 908 310 996 cogitari
330 910 371 974 ab
390 909 496 997 aliquo
517 923 611 996 poeta
628 909 752 998 potuit;
777 923 813 976 ut
846 931 966 976 ormam
985 911 1153 980 rotundam

105 993 289 1080 praeferret,
310 995 430 1060 caelum
452 1009 484 1060 et
503 1019 647 1076 oceanus,
663 997 719 1085 qui
740 1010 854 1062 terram
876 991 1060 1078 includeret,
1076 999 1155 1066 invi-

104 1094 174 1146 tare
186 1081 303 1168 potuit,
317 1105 357 1148 ex
371 1095 476 1147 mente
489 1095 632 1148 veterum
651 1097 835 1172 poetarum3
859 1105 938 1150 cum
951 1085 1072 1150 caelum
1091 1109 1155 1152 me

105 1180 294 1248 moraretur,
307 1167 478 1234 necessario
492 1167 593 1234 sidero
606 1191 733 1258 quoque
748 1169 888 1234 exhibita
902 1184 984 1236 sunt.
1009 1171 1153 1238 Multum

106 1275 126 1316 a
141 1253 274 1402 phpsica
292 1252 399 1342 aliqua
417 1253 577 1320 subtiliore
596 1255 759 1320 hominum
781 1255 906 1344 ingenia
926 1257 1074 1334 uberante
1098 1259 1155 1324 ita-

106 1362 172 1425 que
208 1339 449 1428 emisphaen'nm
463 1341 508 1406 ita
521 1363 560 1406 ex
583 1363 703 1406 ressum
717 1341 861 1430 legimus,
876 1356 913 1407 ut
924 1363 988 1407 una
1002 1345 1155 1410 eteoclem

104 1424 137 1489 in
153 1423 249 1512 plano
263 1440 414 1492 memoret
466 1431 469 1439 ⁴
493 1441 526 1492 ta
543 1363 627 1492 diem
646 1441 679 1493 et
698 1427 953 1508 noctem,-Solem
967 1442 999 1494 et
1014 1431 1152 1511 Lunam,

104 1533 180 1576 curn
206 1513 296 1577 astris
319 1535 404 1577 nonn
451 1514 476 1578 's
501 1513 756 1588 notabilioribus;
781 1527 819 1578 ut
843 1528 947 1580 tamen
971 1517 1073 1580 Ursae
1096 1516 1154 1580 nri-

105 1597 192 1663 noris
205 1599 325 1664 notatio
345 1599 433 1664 nulla
450 1600 534 1665 facta
552 1601 611 1677 sit3
635 1599 807 1666 circumdat
826 1613 941 1666 terram
955 1602 1100 1667 Oceanus
1121 1601 1154 1666 in

105 1684 208 1748 amnis
222 1707 340 1750 morem
355 1709 394 1750 ex
408 1686 622 1773 antiquiorum
636 1686 791 1775 opinione.
877 1697 880 1706 “

150 1771 246 1850 Quod
265 1772 290 1836 si
311 1772 356 1837 ita
377 1773 553 1851 statuimus,
572 1772 666 1861 plura
686 1773 768 1837 inter
789 1795 822 1837 se
842 1771 921 1836 bene
943 1775 1149 1840 conveniunt:

104 1870 294 1946 perventum
316 1872 384 1923 erat
402 1859 444 1924 ad
464 1857 518 1923 illa
536 1872 688 1947 tempora,
704 1860 738 1924 in
752 1858 869 1947 quibus
883 1871 914 1923 et
928 1881 1025 1948 opera
1044 1861 1154 1928 similia

106 1943 383 2032 sculpturae-edita
391 1946 459 2033 jam
474 1959 572 2025 erant,
585 1959 617 2010 et
631 1960 795 2034 poetarum
810 1945 936 2032 ingenia
949 1945 990 2010 ad
1001 1947 1154 2035 ejusmodi

103 2031 506 2118 argumentaferebantu13
526 2045 593 2096 erat
603 2055 731 2132 quoque
744 2032 826 2097 vitae
840 2030 944 2096 cultus
958 2056 1015 2121 per
1031 2031 1153 2100 ioniam

103 2131 136 2182 et
157 2116 275 2182 insulas
294 2117 406 2204 aliquis
423 2116 533 2206 paullo
552 2117 722 2206 elegantror
741 2131 773 2183 et
794 2116 964 2206 opulentia,
1003 2119 1106 2184 uelem
1120 2122 1154 2186 in
1261 2137 1263 2142 '

102 2202 292 2290 anaglyphis
304 2204 397 2291 clipei
411 2217 602 2352 proponunt
617 2217 811 2292 spectamua;
828 2204 915 2268 haud
930 2225 962 2268 m
998 2217 1065 2270 tum
1080 2221 1153 2274 aute

102 2289 374 2354 Pisistratidarum
391 2302 424 2354 et
438 2293 482 2354 So
492 2289 561 2355 onis
583 2303 735 2378 tempora,
750 2289 842 2377 cujus
922 2315 995 2366 arro,
1014 2294 1153 2374 ἐπωνύμου

102 2397 208 2439 annus
223 2389 270 2440 est
284 2376 334 2442 Ol.
352 2377 483 2454 XLVI,
499 2379 560 2440 lla
578 2378 615 2439 C.
631 2379 697 2446 594
713 2376 852 2462 adquae
870 2388 1012 2474 tempora
1030 2378 1153 2456 concin-

102 2461 229 2525 nandae
242 2461 479 2548 rhapsodiarum
497 2483 566 2526 com
631 2461 656 2524 's
673 2461 813 2526 studium
833 2460 942 2524 referri
961 2485 1052 2549 posse
1066 2463 1152 2528 vide-

103 2563 160 2611 tur
182 2569 246 2611 non
268 2547 334 2611 sine
354 2570 469 2636 magna
489 2547 610 2635 probab
633 2547 716 2613 'tate
763 2548 877 2612 Tenue
893 2559 950 2626 est,
964 2571 1153 2614 commemo·

102 2633 242 2696 randum
263 2646 378 2714 tamen,
398 2633 485 2722 quod
506 2633 592 2698 fama
611 2646 775 2733 acceptum
797 2632 968 2698 tradiderat
989 2635 1151 2722 Ephorus,

108 2719 355 2784 Anacharsidem
373 2733 474 2784 rotam
495 2719 658 2806 figulinam
677 2718 840 2797 invertisse,
855 2719 915 2783 hoc
932 2733 989 2798 est,
1005 2720 1038 2784 in
1054 2722 1153 2786 Grae-

78 2827 216 2869 corum
238 2805 380 2870 notitiem
400 2805 588 2879 adduxisse3
611 2805 653 2868 de
695 2828 739 2869 uo
752 2827 783 2868 v.
800 2804 890 2869 Obss.
906 2803 947 2868 ad
961 2805 1038 2870 600.-
1058 2805 1152 2872 Adiit

101 2891 438 3042 adlffIIAlOEhm
475 2890 639 2957 Graeciam
672 2829 799 2966 (bolonis
834 2901 944 2968 aetate,
982 2891 1062 2956 circa
1098 2892 1149 2958 01.

250 3024 260 3057 ,
298 3026 306 3040 .

95 3102 100 3108 ·
147 3065 226 3128 Jam
247 3063 274 3128 si
295 3062 356 3128 ule
377 3087 501 3130 carmen
523 3064 678 3142 extiterat,
697 3062 784 3150 quod
806 3061 947 3150 inclipei
966 3062 1099 3130 tonnam
1119 3076 1151 3128 et

97 3147 240 3238 speciem
253 3147 423 3215 formatum
438 3149 619 3214 universum
638 3150 746 3215 orbem
765 3147 970 3212 describeret:
1017 3148 1072 3212 uid
1094 3149 1151 3214 mi-

102 3259 188 3315 rum,
205 3235 324 3302 cumin
340 3235 440 3300 Iliade
454 3235 585 3323 insignis
597 3235 699 3323 operis
713 3257 800 3299 arma
813 3233 948 3298 Achillis
961 3257 981 3298 a
994 3172 1054 3298 deo
1067 3234 1151 3305 facta
1211 3277 1214 3284 ·

102 3335 364 3402 memorarentur,
379 3335 412 3394 et
432 3323 466 3386 in
482 3322 531 3386 his
550 3320 678 3409 clipeus,
699 3333 756 3385 aut
772 3317 948 3408 rhapsodu's
969 3333 1025 3384 aut
1044 3343 1084 3385 ex
1101 3321 1149 3402 iis,

125 3409 160 3472 ui
174 3407 359 3495 rhapsodias
371 3408 405 3472 in
419 3430 534 3496 corpus
547 3406 676 3494 aliquod
690 3407 890 3506 redegenrnt,
902 3405 1015 3493 aliquis
1025 3429 1149 3472 cm'men

99 3433 183 3559 illud
206 3494 463 3582 antiquum,‚out
485 3494 555 3581 ejus
575 3505 708 3580 partem,
731 3504 789 3558 eta
809 3491 995 3556 alienissimo
1014 3491 1047 3556 in
1068 3493 1148 3574 loco,

102 3579 199 3645 Iliadi
213 3580 362 3644 inseruit!
399 3579 538 3666 Assequi
551 3579 596 3642 ita
608 3578 691 3657 licet,
706 3577 865 3664 quomodo
879 3577 955 3641 haec
969 3590 1074 3646 assuta
1088 3579 1150 3645 sint

101 3679 233 3732 tantum
242 3679 370 3731 ornatus
380 3680 413 3731 et
422 3664 634 3731 delectationis
647 3687 767 3742 cauma,
782 3661 870 3726 nullo
883 3676 1026 3750 respectu
1038 3664 1149 3731 habito

100 3747 1192 3922 annaneane

101 3937 169 3992 tam
183 3947 290 3989 rerum
305 3923 425 4012 copiam
440 3885 590 4010 evdgatus
604 3923 694 4001 esset,
708 3921 750 3985 ad
764 3943 859 4008 quana
877 3921 956 3986 nihil
969 3935 1046 4001 erat,
1062 3922 1149 4009 quod

101 4012 254 4086 duceret;
277 4025 474 4098 repugnante
499 4022 608 4074 conns
631 4006 785 4085 carminis
811 4029 928 4087 rerum,
952 4008 1146 4086 narrationis,

94 4097 215 4163 ordine
229 4111 262 4162 et
274 4096 404 4162 ratione.
450 4093 644 4161 Substitisset
659 4093 711 4158 ille
724 4093 757 4158 in
771 4115 816 4158 va
832 4095 904 4158 482.
951 4092 1014 4158 Sed
1026 4091 1148 4178 ladano

101 4189 200 4248 πολλοὶ
215 4183 247 4249 in
287 4182 376 4248 nium
397 4181 525 4247 alterius
541 4178 676 4245 hominis
692 4179 733 4244 ad
754 4178 1022 4266 interpolationem
1044 4199 1149 4244 move-

103 4281 185 4336 mit.
231 4273 248 4336 I
273 4293 323 4334 em
339 4269 447 4334 saltem
461 4289 525 4332 non
538 4265 734 4354 processisset
747 4263 832 4330 ultra
845 4287 890 4329 vs.
907 4268 978 4336 489.
1001 4262 1061 4329 nisi
1078 4264 1146 4352 jam

104 4355 385 4423 elaboratissimum
407 4375 533 4437 carmen
553 4352 593 4418 de
607 4351 747 4418 urbibus
765 4366 797 4418 et
814 4351 942 4440 reliquis
959 4350 1001 4416 ad
1018 4373 1164 4425 manum,
