3008 5056
484 369 553 434 An
576 369 724 436 ILIAD.
749 377 786 438 K.
1115 375 1159 446 85

109 561 148 604 ex
172 539 238 606 od.
257 544 294 604 A.
315 542 380 606 134
403 539 532 606 laudato
557 541 708 630 scriptum
734 541 832 610 fuisse
855 567 919 610 non
942 545 1075 627 ἀδῆσεινν,
1101 547 1156 614 sed

113 627 258 704 ἀηδῆσειεν.
281 631 319 708 μὴ
334 631 427 707 ξεῖνος,
443 630 554 705 ἀνιηθεὶς
568 631 727 715 ὀρυμαγδῷ,
743 629 838 718 lelna
850 633 1000 710 ἀηδῆαειιν.
1019 656 1059 698 ne
1073 635 1156 700 inter

17 788 19 792 ι
111 712 340 782 convivandum
369 713 542 777 molestiam
570 737 610 778 ex
638 713 825 781 clamoribus
854 718 974 784 sentiat.
1019 722 1068 785 At
1096 743 1155 786 nec

119 799 199 870 odd.
215 822 273 864 nec
285 799 479 886 grammatici
494 799 590 864 ullam
604 799 637 864 in
649 801 720 866 loco
734 825 771 866 eo
790 803 996 892 suspicionem
1014 820 1153 888 movent,

108 896 141 948 ct
162 897 248 949 recte
265 888 336 949 ἀδεῖν
355 908 392 949 eo
411 885 480 950 looo
498 886 540 949 ad
562 886 731 952 sollennem
752 911 846 953 usum
867 890 959 971 redit,
982 890 1155 960 dummodo

107 970 262 1036 scribatur
276 972 420 1048 ἀδδῆσειεν.
576 1025 579 1032 .

151 1057 275 1122 Scilicet
288 1057 330 1122 ad
344 1057 599 1146 disputationem,
611 1083 693 1147 quae
702 1082 803 1148 ¹supra
816 1062 858 1125 ad
872 1067 909 1126 Ε.
925 1065 989 1128 203
1004 1065 1153 1128 Excursu

108 1145 137 1214 I.
152 1143 298 1209 instituta
316 1156 373 1223 est,
394 1144 558 1218 referenda
576 1158 624 1210 est
643 1157 711 1210 tota
724 1147 882 1233 quaestio:
907 1149 962 1214 ubi
977 1159 1066 1214 erant
1078 1147 1154 1234 equi

108 1230 227 1304 εἰωθότες
242 1231 351 1312 ἔδμεναι
365 1229 455 1309 ἀδδην.
499 1232 523 1294 J
524 1255 575 1295 am
589 1245 706 1312 autem,
722 1233 770 1297 uti
787 1234 829 1297 ad
844 1259 870 1299 e.
886 1235 906 1299 l.
923 1233 1154 1350 comparatione

107 1316 279 1382 multarum
290 1339 405 1382 -rerurn
424 1315 570 1382 similium
589 1341 631 1406 ap
713 1319 747 1398 't‚
767 1333 835 1384 erat
856 1343 970 1386 nomen
983 1325 1034 1401 αδη
1049 1319 1153 1409 priore

106 1403 207 1482 brevi,
231 1403 369 1482 satietas,
395 1415 428 1468 et
449 1403 572 1490 quoties
597 1428 611 1468 s
631 1341 723 1470 llisbisl
761 1407 941 1472 roduoenda
961 1421 1052 1486 esset,
1075 1405 1151 1486 ἀδδη,

106 1511 182 1576 ergo
196 1491 260 1553 κατ’
275 1487 365 1569 ἀδδην,
381 1503 413 1554 et
426 1488 506 1566 ἀδδην
520 1489 710 1578 simpliciter,
726 1428 861 1557 abunde.
890 1494 997 1558 Etiam
1009 1492 1150 1642 Hespch.

106 1574 198 1655 ἀδδην,
213 1581 250 1649 εἰς
266 1575 343 1670 κόρον
358 1577 406 1640 aul
421 1581 459 1650 εἷς
471 1582 641 1659 πλησμονὴν,
654 1585 703 1642 τοῦ
724 1576 777 1652 ivis
791 1580 807 1640 δ
820 1580 1024 1660 πλεονάζοντος.
1089 1578 1153 1642 nde

59 1655 66 1670 '
107 1663 178 1726 ἀδὲω
192 1663 282 1740 sotio,
298 1673 330 1726 et
343 1663 487 1728 sotietate
499 1662 666 1744 fastidiam
687 1686 753 1728 creo
775 1674 805 1728 et
825 1665 1004 1744 molestiora,
1021 1676 1053 1728 et
1066 1663 1150 1728 idem
1285 1682 1289 1688 “

105 1749 202 1827 auto,
217 1747 340 1836 quoties
354 1748 440 1836 prior
454 1748 574 1836 syllaba
587 1749 780 1837 producitur.
812 1751 1030 1816 Deserendum
1044 1749 1152 1838 itaque

104 1848 248 1982 reteppm
261 1835 536 1936 grammaticorum
553 1859 695 1934 acumen,
711 1861 746 1902 ac
761 1837 786 1901 si
801 1860 841 1902 ex
856 1838 942 1915 ἀηδέα
956 1849 1152 1902 contractum

105 1934 415 2105 stfiesssfippprsarep
425 1921 756 2095 2ξάιέὺέῗάἓάιῇ
760 2009 848 2075 haud
856 2007 947 2074 facile
957 2009 1082 2074 faciam:
1098 2033 1152 2074 ve-

105 2107 187 2160 teres
206 2093 326 2158 htteras
344 2094 517 2182 geminasse
537 2095 781 2182 pronuntiando,
802 2118 870 2176 non
888 2095 1061 2176 scribendo,
1077 2095 1152 2161 satis

103 2193 237 2260 constat,
250 2193 282 2245 et
292 2180 452 2268 imperitos
462 2179 625 2268 prosodiae
635 2181 853 2269 grammaticos
863 2177 897 2247 e't
904 2181 1046 2248 librarios
1057 2182 1151 2247 modo

103 2280 188 2332 recte
202 2266 297 2332 modo
311 2289 474 2354 perperam
496 2268 668 2354 geminasse
684 2267 813 2332 infinitis
826 2268 976 2356 exemplis
990 2268 1024 2332 in
1060 2291 1151 2355 ropa

105 2354 173 2418 tulo
183 2367 240 2418 est.
255 2355 399 2430 ἀδδηκότες
414 2353 534 2418 editum
545 2366 592 2418 est
605 2354 679 2418 inde
690 2378 709 2419 a
721 2354 807 2418 Flor.
816 2354 916 2419 Aldd.
927 2357 1020 2418 Rom.
1075 2353 1151 2418 tiam

102 2440 188 2518 alibi,
204 2451 241 2503 ut
254 2439 309 2502 inf.
326 2441 399 2503 312.
416 2442 489 2510 399.
505 2442 578 2506 471.
601 2445 645 2503 M.
661 2444 734 2504 281.
781 2442 901 2504 Contra
920 2438 1049 2518 ἀδηκότες
1071 2441 1151 2504 Ven.

103 2533 252 2613 uterque,
272 2527 399 2590 Barooc.
420 2524 544 2591 Townl.
561 2527 647 2590 Vrat.
664 2529 707 2590 A.
729 2525 831 2591 Schol.
851 2526 899 2590 br.
919 2525 968 2590 ed.
983 2524 1061 2590 Ald.
1083 2526 1151 2589 Eu·
1218 2565 1222 2570 ,

103 2613 197 2680 stath.
216 2610 357 2700 Etymol.
374 2613 517 2700 Hesych.
533 2624 566 2676 at
579 2611 614 2676 hi
628 2612 754 2700 sequuti
770 2625 845 2678 sunt
859 2611 1018 2700 opinatam
1032 2622 1151 2700 etymo-

101 2699 220 2787 logiam
231 2722 274 2764 ΒΧ
289 2700 383 2777 ἀηδέα.

145 2788 216 2850 Nec
231 2785 335 2885 tamen
354 2807 469 2884 negare
482 2783 593 2885 ausim,
608 2786 864 2885 fuissefundum
884 2784 1021 2873 aliquem
1038 2783 1151 2872 judicii

101 2886 316 3044 {illllll
332 2872 770 3024 {llltialffimfflii‘ailii
784 2871 1149 3044 ”lssfftrtrlttt

102 3045 213 3131 δχλὲῖν,
224 3047 380 3124 λυπεῖσθαι,
392 3048 505 3122 ἀδικεῖν,
515 3047 687 3132 ἀπορεῖσθαι,
701 3047 806 3108 ἀσιτεῖν
818 3042 1061 3128 (Emendaudus
1075 3041 1150 3105 hinc

101 3145 159 3211 est,
175 3131 270 3196 etiam
285 3129 459 3195 litterarum
474 3129 584 3195 ordine
592 3131 736 3218 jubente,
748 3128 900 3218 Apollon.
913 3131 993 3194 Lex.
1004 3151 1036 3216 p.
1047 3127 1079 3192 6.
1093 3127 1150 3214 qui

102 3217 214 3283 eadem
227 3217 323 3282 habet
337 3217 370 3280 in
385 3219 484 3300 ἁδεῖν.)
529 3219 576 3282 Et
589 3217 682 3292 ἇαδές.
706 3217 792 3295 ἀηδές.
838 3217 892 3280 Ex
906 3215 1029 3303 adjecto
1042 3217 1150 3278 ἀσιτεῖν

102 3304 204 3392 possis
223 3302 350 3367 tertium
368 3302 450 3368 vocis
471 3325 565 3368 usum
585 3316 733 3383 statuere,
746 3325 787 3366 ex
802 3301 852 3381 ἀδη
868 3302 1002 3380 satietas,
1018 3311 1056 3364 ut
1069 3312 1150 3364 esset

101 3393 207 3469 ἇαδεῐν,
221 3401 261 3454 ut
274 3389 455 3454 Laconibus
468 3389 531 3454 fuit
544 3387 630 3468 ἀαδα,
647 3390 739 3454 ἔνδεια.
776 3387 910 3454 Diversa
924 3400 1029 3454 tamen
1042 3385 1092 3452 vel
1108 3384 1151 3450 sic

102 3488 177 3541 sunt
191 3477 225 3539 τδ
245 3473 319 3550 ἅδος.
341 3474 399 3539 ἀδω
420 3475 525 3562 priore
545 3475 577 3540 lo
692 3475 789 3540 Unde
803 3474 874 3551 ἀδεν,
889 3477 1001 3538 ἀνιᾶται
1016 3461 1068 3562 ab.
1082 3475 1151 3538 Ho-

101 3563 188 3651 sych.
205 3575 239 3626 et
253 3563 323 3641 ἀδεῖ,
339 3566 429 3626 λυπεῖ.
453 3560 561 3640 ἀδεται,
576 3498 747 3645 murat.
771 3566 914 3624 κοπιᾶται.
955 3601 959 3612 .

265 3953 585 4036 EXCURSUS
616 3950 702 4034 AD
733 3950 922 4034 ILIAD.
953 3965 997 4032 A.

103 4143 157 4209 De
173 4141 293 4228 proelio
313 4140 432 4206 tertium
441 4138 548 4224 sacto,
565 4149 634 4222 post
648 4138 776 4203 altorem
789 4137 830 4201 Il.
846 4143 889 4204 Θ.
903 4157 966 4200 uno
980 4157 1048 4199 cam
1061 4127 1158 4197 Acti..

100 4321 102 4326 Α
213 4249 321 4294 nomm
326 4225 415 4314 fago
428 4228 461 4291 in
475 4235 589 4306 castro,
603 4246 681 4310 quiae
693 4225 804 4288 emnde
817 4229 1038 4307 oppugnantur.

145 4342 196 4406 De
207 4339 313 4424 priona
327 4359 436 4426 pugne
456 4336 587 4426 ejusque
603 4335 737 4486 {optma
749 4331 885 4398 vidimus
899 4329 941 4395 ad
956 4328 996 4396 Il
1012 4335 1052 4394 Δ.
1065 4325 1151 4395 ‘Exci
