3008 5056
336 373 380 444 ⁸6
735 364 1003 439 EXCURSUS.

337 547 390 612 11.
406 545 505 611 altera
518 565 628 634 pugna
641 545 784 633 exposita
796 558 845 612 est
859 546 899 612 Il.
916 549 957 610 Θ.
974 544 1135 610 ὅθι-488.
1173 539 1272 608 Facta
1285 553 1319 606 et
1332 537 1392 604 ilia

336 645 404 698 erat
424 633 458 697 in
479 631 584 696 medio
604 631 686 696 inter
707 634 818 698 urbem
840 646 872 698 et
893 631 1016 698 navalia
1037 651 1159 716 campo,
1176 628 1325 718 Trojanis
1346 649 1388 692 ex

266 797 269 806 ,
336 721 427 800 urbe,
439 719 572 784 Achivis
582 743 600 782 e
611 719 729 799 castris,
742 720 1012 808 procurrentibus:
1027 725 1069 786 Θ.
1080 720 1123 782 55
1134 739 1179 803 sq.
1196 714 1391 818 confligitur

339 806 444 872 statim
462 805 603 871 cominus
619 803 791 892 (tid-63).
831 807 899 872 Sub
920 801 1083 870 meridiem
1105 803 1319 890 perterrefacti
1340 823 1391 865 re-

337 905 433 980 pente
447 892 564 957 Achivi
586 891 726 980 fugiunt,
745 893 803 976 (68
818 896 880 980 sq.)
896 892 1042 957 restituta
1062 903 1168 954 autem
1191 913 1211 952 a
1232 887 1391 954 Diomede

363 1002 459 1066 ugna,
479 978 609 1066 fugiunt
627 980 761 1080 Trojani
777 983 856 1064 (130
871 984 936 1066 sq.)
982 976 1130 1063 Receptis
1151 988 1257 1040 tamen
1278 972 1393 1038 animia

338 1001 373 1128 ii
397 1065 536 1130 Achivos
557 1065 673 1129 iterum
695 1089 728 1129 1n
748 1067 859 1154 fugam
880 1088 986 1129 versos
1007 1063 1090 1128 intra
1110 1061 1230 1127 vallum
1248 1059 1392 1147 compul-

341 1174 420 1303 εοῶὄ
404 1150 605 1231 incluserant,
624 1154 702 1236 (280
716 1155 776 1240 eq.)
794 1175 867 1218 cum
887 1175 951 1216 nox
972 1149 1137 1238 pugnandi
1157 1150 1252 1214 finem
1273 1148 1393 1212 faceret

344 1241 356 1324 (
387 1244 533 1390 Sudcedit
554 1347 638 1389 nunc
660 1347 770 1412 pugna
791 1325 892 1404 tertia,
911 1347 993 1411 quae
1013 1321 1187 1387 incredibili
1208 1343 1315 1385 rerum
1335 1343 1393 1408 ge-

342 1422 461 1476 starum
490 1423 522 1475 et
551 1423 735 1476 eventorum
763 1435 895 1476 numero
924 1423 955 1474 et
977 1410 1127 1474 varietate
1155 1407 1287 1486 laborat,
1314 1420 1394 1472 eta

341 1497 397 1563 lib.
411 1497 472 1563 hoc
486 1503 525 1562 A.
548 1521 648 1586 usque
670 1499 712 1562 ed
733 1498 773 1564 Σ.
793 1501 859 1562 242
879 1497 1099 1569 continuatur:
1121 1517 1194 1560 cum
1215 1506 1325 1558 contra
1345 1514 1394 1558 ae

344 1587 460 1648 eundae
481 1583 564 1648 illius
582 1607 709 1672 pugnae
729 1584 866 1650 narratio
888 1584 927 1648 sit
948 1582 1148 1657 brevissima3
1171 1581 1204 1644 in
1219 1600 1284 1668 qua
1297 1603 1396 1679 porro

343 1671 449 1736 omnia
469 1671 552 1735 fiunt
565 1675 598 1734 ἐκ
611 1679 661 1735 τοῦ
676 1671 755 1750 θείου,
770 1671 1028 1735 administrantur
1048 1669 1227 1734 interventu
1241 1669 1334 1732 Jovrs
1352 1689 1394 1731 ex

328 1757 408 1832 ,Ida
421 1756 648 1845 prospicientia
665 1757 760 1822 modo
774 1779 831 1845 per
850 1770 1000 1821 terrorem
1021 1755 1153 1820 fuhnine
1170 1755 1257 1842 jacto
1277 1753 1397 1818 immis-

345 1865 427 1921 sum,
445 1845 501 1928 (Θ.
518 1845 560 1910 75
575 1865 622 1929 sq.
647 1847 710 1910 182
725 1867 771 1930 sq.
795 1842 859 1914 169
874 1847 937 1930 sq.)
958 1842 1053 1907 modo
1073 1865 1130 1930 per
1152 1840 1296 1929 auguria,
1316 1842 1397 1938 (247

346 1933 411 2016 sq.)
428 1928 523 2027 modo
536 1928 668 2018 imperio
681 1930 715 1993 in
728 1930 804 2029 deos
818 1943 850 1995 et
861 1929 1048 1994 coercitione
1062 1951 1183 2007 eorum
1193 1927 1251 2027 qui
1262 1926 1397 2026 Achivie

330 2015 612 2204 ‚zerem
630 2013 1397 2202 ...Ν

294 2281 301 2298 ·
346 2187 1399 2373 dttnssndtdtti‘,ttttdtddddtddoentbdd

349 2360 503 2454 praelium
529 2361 755 2436 incrastinum
783 2363 866 2427 diem
895 2362 996 2427 multo
1025 2362 1127 2427 acrius
1152 2373 1185 2426 et
1208 2360 1400 2450 pertirrucius

351 2449 446 2534 (470)
462 2449 616 2512 futurum

392 2533 468 2598 Non
486 2556 601 2621 magno
621 2535 763 2599 acumine
783 2559 864 2622 opus
883 2547 930 2599 est
944 2535 984 2599 ad
1000 2533 1231 2622 suspicandum,
1247 2531 1345 2598 tuisse
1359 2532 1401 2598 ab

349 2618 439 2684 initio
453 2643 577 2684 carmen
592 2620 677 2686 istud
693 2619 752 2705 (Il.
767 2625 826 2707 Θ.)
843 2620 999 2708 singulare
1013 2633 1046 2686 et
1060 2643 1199 2686 seorsum
1213 2619 1397 2694 conditum

350 2706 438 2794 quod
451 2718 561 2794 postea
574 2718 749 2772 ceterorum
770 2730 840 2773 com
904 2706 911 2719 ⁸
933 2706 1030 2772 fuerit
1046 2707 1198 2773 insertum
1213 2720 1245 2772 et
1259 2705 1335 2770 scite
1350 2729 1400 2770 co-

350 2803 574 2880 agmentatum.
610 2793 712 2859 Aliud
727 2805 831 2859 tamen
840 2731 942 2883 iiiffnr
956 2793 1144 2860 ariolationis
1157 2793 1401 2858 fundamentum

351 2879 439 2966 quod
453 2879 557 2946 afferri
572 2880 670 2968 possit
683 2880 772 2945 haud
785 2881 887 2946 video.
933 2881 1130 2969 conjecturis
1151 2893 1268 2960 autem,
1283 2879 1401 2967 quibus

352 2965 430 3030 nihil
451 2965 538 3031 aliud
559 2967 794 3054 pronuntiatur,
816 2991 913 3056 quarn
933 2967 1000 3032 fieri
1022 2967 1063 3032 ali
1086 2968 1142 3032 uid
1160 2968 1305 3050 potuisse,
1328 2987 1401 3030 cum

351 3051 430 3116 nihil
444 3064 550 3116 tamen
564 3052 651 3118 aliud
666 3053 859 3141 subjiciatur,
870 3054 958 3141 quod
971 2992 1133 3141 probuiile
1147 3055 1203 3118 fiat
1213 3053 1308 3116 etiam
1322 3051 1402 3118 illud

344 3135 470 3220 fuctum
484 3159 548 3202 esse
562 3151 618 3204 aut
626 3138 751 3220 sactum
764 3143 871 3220 videri,
887 3163 1001 3228 parum
1022 3153 1079 3205 aut
1098 3139 1176 3204 nihii
1196 3138 1401 3204 tribuendum

353 3247 420 3288 esse
435 3236 550 3289 statuo.

397 3312 560 3376 Revocato
574 3333 593 3374 a
607 3333 716 3398 pugna
736 3311 875 3377 exercitu
894 3313 988 3377 etiam
1004 3315 1126 3378 Hector
1145 3333 1287 3400 pugnam
1305 3311 1341 3376 in
1361 3312 1404 3376 ai-

355 3409 458 3462 terum
480 3395 563 3462 diem
582 3396 756 3462 iterandam
779 3398 918 3463 edixerat
939 3401 992 3483 (Θ.
1009 3401 1075 3470 497
1126 3403 1150 3486 .)
1172 3421 1229 3464 nec
1249 3397 1404 3462 redeundi

354 3481 388 3546 in
408 3483 520 3548 urbem
541 3481 663 3571 copiam
681 3485 798 3549 fecerat
814 3485 971 3573 Trojanis‚
989 3485 1054 3565 sed,
1071 3423 1130 3551 sii)
1147 3486 1203 3550 dio
1220 3496 1405 3574 pernoctare

197 3599 216 3620 ν
338 3569 466 3656 jussor,
481 3569 552 3634 cibo
572 3583 715 3657 potuque
736 3594 776 3636 ex
798 3572 877 3637 urbe
897 3585 1064 3672 apportato
1078 3571 1253 3637 recreavit·
1277 3569 1405 3721 ignibus

354 3654 462 3720 multis
483 3655 626 3735 iucensiS,
648 3655 747 3744 vigilii
785 3681 825 3722 ue
851 3658 984 3739 indictis,
1012 3682 1052 3724 ne
1074 3657 1192 3724 Achivi
1214 3656 1288 3723 navi
1310 3680 1349 3722 us
1371 3657 1404 3721 in

354 3740 454 3806 eitum
469 3741 589 3806 eductis
599 3742 755 3830 fugerent.
810 3768 895 3824 ocus,
906 3744 940 3808 in
954 3770 1019 3833 quo
1029 3745 1184 3812 exercitus
1198 3743 1404 3834 pernoctavit,

355 3841 498 3893 accurate
520 3828 712 3894 declaratur:
737 3829 815 3913 νόσφι
835 3837 1070 3920 ravin—corae&
1089 3835 1132 3897 iri
1154 3835 1275 3914 irrisuri,
1297 3833 1324 3894 ἐν
1347 3858 1403 3896 κα-

357 3916 441 4002 θαρῷ,
464 3913 501 3979 ὅθι
524 3917 553 3993 δὴ
576 3915 675 3980 νεκύων
696 3915 846 3996 insanirem
866 3924 960 4003 χῶρος
979 3918 1038 4001 (Θ.
1054 3922 1130 3990 490.
1146 3921 1177 3984 l.
1192 3918 1234 3981 ad
1258 3918 1405 3981 Seman-

356 3999 451 4065 drum
471 4002 565 4090 puta)
589 4002 632 4068 ἐπὶ
653 4001 784 4084 πολέμοιο
807 4003 910 4090 γεφύρῃ
934 4003 1112 4086 (intervallo
1133 4005 1215 4069 inter
1236 4013 1406 4090 utramque

355 4087 463 4167 aciem,
486 4111 552 4174 quo
574 4099 752 4198 pugnatum
776 4101 854 4168 erat,
876 4091 956 4175 549)
981 4092 1113 4174 μεσσηγὺ
1137 4099 1199 4156 νοῶν
1221 4091 1264 4168 ἡδὲ
1289 4089 1405 4156 Ξάνθοιο

356 4174 454 4260 ῥοάων,
467 4174 561 4238 Ἰλιόθι
576 4198 627 4257 προ
643 4172 735 4257 (556.
750 4176 795 4259 7.)
812 4177 838 4236 ἓν
852 4177 933 4262 πεδίῳ
950 4178 1044 4328 (558ὲ
1060 4177 1174 4241 verbo:
1190 4174 1407 4240 intervallum

356 4272 388 4323 et
412 4259 649 4338 Scamandrum,
669 4255 725 4346 qui
746 4275 847 4324 castra
867 4261 1022 4348 praeterla
1044 4263 1119 4341 itur,
1143 4252 1252 4328 saltari]
1274 4261 1354 4328 citra
1374 4272 1407 4325 et

357 4343 440 4410 ultra
463 4367 597 4427 amnem,
625 4359 661 4411 ut
687 4359 792 4412 tamen
816 4369 915 4413 cornu
939 4371 1050 4414 eorum
1075 4349 1224 4415 dextrum
1247 4347 1333 4414 ultra
1360 4347 1407 4414 Si-
