3026 5056
314 373 364 438 ’14
652 369 917 438 'EXCURSUS
940 367 1019 433 vu.

319 544 404 609 idem
419 543 458 620 ἕο,
474 543 522 622 alo,
538 563 598 629 pro
612 543 671 605 mei
685 542 726 608 ab
740 567 811 632 ego,
827 541 1001 630 usurpavit,
1017 553 1053 604 ut
1066 539 1119 604 lib.
1135 540 1186 618 ΙΙ,
1198 537 1262 605 637
1276 539 1366 635 aira?

321 633 414 780 ³73⁵
433 629 476 778 il.
488 630 540 779 ‘3
559 630 621 779 ⁰1⁶3
632 632 728 786 *3¹⁵⁷
745 631 884 781 tls
921 631 1056 779 33⁰³·
1074 622 1368 778 {3333ss

287 799 293 810 ⁸
321 720 406 866 iiius
417 739 471 884 list
493 742 672 866 idhibui'sse
690 765 880 890 lipollonius
895 738 1121 887 Rhodiu’sqpno
1142 736 1312 886 piiimitivo,
1328 812 1375 872 exj

321 913 359 954 eo
380 899 540 960 exemtum
562 900 609 952 est
630 888 690 953 alia
710 889 841 954 lectione
863 894 913 953 ἑοῖο
936 911 995 975 pro
1010 885 1048 967 ἕο,
1062 887 1100 950 οὗ.
1124 885 1212 973 quod
1226 883 1365 949 Brunck.

235 1001 237 1009 ’
320 975 462 1062 reposuit
475 997 493 1039 e
507 973 594 1040 libris
608 975 781 1063 aliquoties,
797 989 834 1040 ut
850 977 880 1055 Ι,
897 977 982 1040 1033
998 973 1053 1038 ubi
1067 995 1139 1038 eum
1154 972 1235 1037 vide.
1267 969 1371 1036 Possit

317 1063 403 1164 v'forte
418 1060 516 1126 videri
530 1061 590 1159 lioc
604 1061 709 1211 ipsum
722 1062 756 1127 in
771 1065 914 1161 Homero
928 1060 1035 1139 fuisse,
1050 1060 1142 1136 ποιδὸς
1158 1065 1217 1124 trio.
1250 1060 1369 1123 V'erum

321 1161 475 1237 impetum
489 1160 603 1212 retmet
628 1173 704 1213 ocus
718 1156 755 1246 A.
771 1152 835 1219 393
850 1149 905 1213 ubi
924 1171 987 1213 non
1001 1170 1067 1246 esse
1080 1159 1280 1246 potestestas,
1296 1167 1370 1209 cum

322 1235 471 1334 deualtera
484 1258 618 1322 persona
632 1234 752 1300 dictum
767 1235 816 1315 sit,
823 1235 889 1316 filit
901 1236 953 1299 tui.
978 1237 1013 1299 Si
1026 1245 1220 1322 grammatici
1231 1231 1371 1315 Alexan-

322 1321 406 1386 drmi
427 1345 522 1386 usum
542 1321 748 1387 Homericum
770 1329 818 1386 τοῦ
836 1321 995 1410 digamma
1016 1320 1198 1398 tenuissent,
1217 1318 1309 1384 aliam
1329 1317 1373 1383 sic
1478 1398 1484 1412 ι

319 1407 538 1474 difficultatem
553 1409 696 1474 subnasci
710 1408 867 1474 vidissent.

367 1494 564 1582 Comparatis
586 1495 661 1560 loeis
677 1495 821 1584 plurimis
841 1495 914 1560 satis
931 1494 1009 1562 mihi
1023 1505 1164 1559 constare
1179 1492 1315 1570 videtur,
1331 1490 1373 1556 ab

290 1577 294 1586 ’
322 1581 552 1668 antiquioribus
575 1582 707 1647 Ionibus
728 1594 905 1647 constanter
926 1580 1166 1668 pronuntiatum
1188 1579 1285 1644 fuisse
1304 1583 1370 1652 fem

323 1668 410 1733 unde
424 1668 516 1732 toties
535 1667 670 1732 oocunit
689 1669 746 1732 ἂᾰιό
760 1673 798 1748 ἑο,
813 1670 867 1731 ἀπὸ
884 1668 909 1731 ἕο
927 1668 1015 1751 (nam
1034 1666 1083 1731 dis
1105 1679 1230 1732 utatum
1244 1687 1374 1754 quoque

323 1754 365 1819 de
378 1755 439 1819 hoo
452 1766 517 1818 est:
535 1754 614 1818 sitne
629 1753 784 1832 enclitica3
809 1766 847 1819 ut
859 1754 938 1818 adeo
953 1691 1152 1819 scribentium
1167 1754 1207 1818 sit
1221 1753 1278 1817 ἀπό
1290 1760 1317 1816 ἑο
1331 1773 1374 1816 an

323 1843 379 1905 ast
393 1840 431 1904 ἕο.
477 1839 581 1927 Atqui
596 1852 628 1904 et
647 1847 671 1904 ol
685 1852 717 1904 et
731 1848 744 1904 ἑ
759 1864 817 1928 pro
837 1840 1172 1926 enclitioishabentur)
1188 1864 1228 1904 ex
1243 1865 1297 1904 οπο
1313 1843 1373 1916 fro,

324 1939 362 1992 ut
378 1933 414 1991 E.
427 1929 503 1994 343.
524 1931 563 1990 N.
580 1926 644 1992 163
659 1940 715 1991 etc.
748 1929 794 1992 Et
809 1934 843 1992 B.
860 1931 924 1999 339
938 1925 966 2001 ὃς
982 1929 1029 1991 καὶ
1045 1933 1088 1993 νῦν
1102 1931 1231 2013 Ἀχιλῆα
1246 1932 1292 1991 feo
1305 1924 1373 2008 μέγ’

324 2012 454 2095 ἀμείνονα
469 2021 559 2096 φῶτα,
573 2013 628 2078 ubi
643 2017 672 2076 u.
690 2013 781 2079 Obss.
827 2016 895 2079 Neo
911 2013 1038 2093 mirum,
1059 2037 1131 2078 nam
1145 2013 1208 2079 fuit
1223 2019 1254 2078 fe
1273 2013 1311 2094 (ἓ)
1332 2017 1375 2076 for

258 2125 264 2134 ·
328 2099 380 2185 (οἳ)
397 2123 472 2187 ergo
486 2112 518 2164 et
534 2105 592 2181 feo,
610 2105 669 2166 foa.
716 2103 904 2166 Constanter
918 2124 1045 2188 quoque
1060 2097 1376 2188 pronuntiatum'fuit

327 2191 385 2266 3ος,
399 2185 457 2272 (ὃς)
474 2191 519 2267 fn,
535 2191 593 2266 fot,
611 2192 666 2267 fot,
681 2192 743 2264 Ροος
757 2186 842 2274 (οὓς).
889 2187 940 2254 Sic
956 2187 994 2252 Il.
1011 2192 1047 2251 B.
1064 2190 1128 2252 833
1142 2189 1201 2251 οὐδὲ
1216 2186 1260 2262 οὓς
1274 2187 1377 2260 παῖδας

326 2273 423 2353 ἔασκε,
435 2272 522 2337 vides
537 2297 601 2338 esse
616 2279 674 2338 οοδε
691 2278 764 2348 fova
786 2279 827 2340 N.
840 2277 861 2340 8
876 2275 987 2340 ἐέλπετο
1001 2274 1029 2338 ὃν
1044 2277 1119 2360 (for)
1136 2277 1213 2338 narii
1227 2272 1319 2355 θυμόν.
1334 2271 1374 2338 Σ.

324 2361 390 2424 305
405 2361 463 2424 οὐδὲ
477 2360 662 2447 Σκάμανδρος
677 2361 761 2444 ἔληγε
779 2360 811 2424 τὸ
828 2359 857 2426 ὃν
875 2361 951 2446 μένος
969 2362 1015 2445 (το
1032 2365 1094 2447 for)
1108 2360 1223 2425 iterum
1244 2365 1282 2423 X.
1300 2362 1373 2430 459.

324 2451 362 2510 Ψ.
380 2444 452 2516 769.
477 2447 567 2511 Haec
586 2469 659 2511 sane
678 2446 751 2512 satis
772 2447 854 2512 inter
872 2472 905 2512 se
923 2447 1121 2512 conveniunt.
1167 2449 1241 2512 Non
1263 2445 1375 2534 ignoro
1418 2503 1428 2520 ,
1508 2517 1509 2524 ,

325 2532 470 2630 exempla
491 2557 559 2631 esse
570 2557 654 2620 quae
670 2533 893 2632 adversentun
918 2557 1029 2598 verum
1051 2534 1091 2598 de
1112 2534 1161 2598 his
1181 2533 1271 2599 facile
1289 2533 1376 2622 judi-

325 2641 410 2682 erum
425 2618 527 2684 facere
539 2618 612 2684 hcet
626 2644 665 2684 ex
679 2643 728 2700 us,
743 2645 825 2708 quae
839 2622 881 2686 ad
894 2625 931 2686 A.
943 2624 1009 2686 403
1021 2633 1130 2685 notata
1143 2633 1226 2686 sunt.

370 2704 446 2770 Alia
458 2705 599 2792 quaestio
610 2717 657 2772 est
668 2731 762 2794 super
777 2711 828 2788 ἑὸς,
845 2712 884 2788 ἐὴ,
901 2711 953 2785 ἑὸν,
963 2708 1050 2794 quod
1064 2707 1138 2772 inde
1152 2719 1257 2773 ortum
1273 2707 1375 2772 duxit.
1421 2771 1424 2776 ,
1508 2761 1509 2766 ,

327 2791 518 2871 Bentleium,
536 2791 604 2857 aliis
624 2792 700 2858 locis
722 2794 918 2874 transmissis,
937 2793 970 2858 in
988 2794 1056 2859 aliis
1074 2795 1219 2874 haesisse,
1235 2806 1268 2859 et
1281 2795 1377 2860 modo

328 2883 387 2955 ἱεος
402 2879 498 2944 modo
513 2885 560 2954 fos
574 2879 753 2968 appinxisse
766 2881 832 2946 vidi
845 2881 879 2945 in
893 2882 962 2969 ejus
976 2881 1105 2946 schedis.
1196 2897 1198 2902 ’

371 2968 443 3044 Quo
457 2965 561 3031 minus
577 2971 636 3042 Ὲεος
651 2969 891 3054 pronuntiatum
913 2992 978 3034 esse
996 2981 1155 3056 putemus
1171 2968 1297 3032 obstant
1310 2966 1379 3032 loca

326 3054 430 3135 πατρὸς
444 3056 509 3132 ἑοῖο,
524 3055 618 3126 παιδὸς
634 3058 696 3132 ἑοῖο,
713 3059 754 3118 A.
770 3055 834 3125 496
849 3067 881 3120 et
895 3055 1014 3119 similia.
1053 3057 1136 3119 Sunt
1150 3057 1210 3118 (luo
1224 3052 1310 3118 modi
1325 3077 1378 3118 ex-

326 3137 491 3226 pediendi:
516 3149 571 3201 out
586 3150 623 3202 ut
636 3139 801 3204 redeamus
815 3140 857 3204 ad
870 3140 1000 3206 alteram
1017 3141 1150 3206 formam
1165 3165 1247 3228 quae
1261 3141 1324 3206 fuit
1338 3141 1390 3220 ὃς,

326 3223 568 3312 pronuntiatum
584 3230 641 3304 Ὲος,
665 3229 765 3314 utque
788 3226 868 3292 adeo
892 3226 1046 3292 scribatur·
1068 3254 1171 3314 ποτρος
1192 3233 1261 3292 foto.
1282 3230 1378 3302 παιδος

329 3315 399 3375 foto.
421 3310 471 3374 uti
484 3313 653 3376 occurrunt
668 3313 789 3391 κάλλεος
803 3315 893 3378 εἵνεκα
907 3314 956 3378 olo.
971 3314 1005 3378 h.
1018 3317 1087 3380 foto.
1104 3325 1158 3379 aul
1173 3314 1377 3392 statuendum

328 3410 385 3476 est,
401 3397 497 3462 fuisse
511 3421 619 3463 vocem
635 3401 687 3480 ἐός,
703 3405 743 3481 ἐὴ,
760 3402 812 3482 ἐὸν,
828 3402 930 3480 boans,
942 3411 1091 3482 strenuus,
1104 3401 1235 3466 eandem
1250 3424 1332 3490 quae
1346 3415 1379 3466 et
1417 3469 1427 3482 ‚

328 3483 382 3564 ἐῢς,
399 3483 439 3562 ἐῢ,
455 3485 543 3572 quod
558 3509 649 3573 saepe
664 3487 810 3568 occurrit,
826 3488 911 3552 unde
931 3499 962 3553 et
981 3487 1039 3567 ἠῢς,
1055 3487 1098 3567 ῆΰι
1143 3489 1195 3553 De
1210 3512 1275 3576 quo
1288 3512 1318 3551 v.
1334 3489 1377 3552 ad

328 3576 365 3634 A.
376 3573 449 3641 393.
475 3571 619 3637 Illustrat
632 3574 709 3638 haec
724 3575 864 3663 Etymol.
881 3575 914 3639 in
929 3581 986 3651 ἑῆος
1000 3587 1032 3639 et
1046 3573 1079 3638 in
1094 3576 1135 3639 ἑά.
1160 3577 1274 3641 Restat
1283 3577 1376 3640 tertia

327 3656 419 3737 satie,
434 3661 473 3722 ut
486 3658 700 3746 relinquamus
718 3664 770 3742 ἑὸς,
786 3667 826 3741 ἐὴ,
841 3664 893 3741 ἑὸν,
908 3683 990 3742 suns,
1010 3661 1106 3750 idque
1129 3662 1280 3750 scriptum
1301 3661 1377 3726 olim

328 3756 503 3810 statuamus
529 3751 590 3823 {fos
617 3748 759 3835 (ἙΡΟΣ)
787 3750 872 3814 unde
900 3749 1021 3814 factum
1050 3754 1102 3829 ἑὸς,
1129 3773 1168 3814 ex
1196 3755 1242 3824 Ὲος
1268 3750 1375 3834 (toz)

321 3831 498 3919 praemisso
522 3840 543 3896 ἑ.
566 3835 654 3921 quod
679 3835 772 3900 etiam
798 3836 927 3904 sensisse
951 3837 1077 3904 videtur
1102 3836 1150 3900 vir
1174 3836 1256 3900 doct.
1282 3835 1375 3899 Rich.

328 3920 439 4008 Payne
453 3942 485 4006 p.
499 3923 549 3991 49.
581 3922 649 3985 ‘Ita
666 3944 723 3987 neo
742 3934 843 3989 metro
862 3925 899 3990 fit
919 3925 1045 4012 injuria,
1060 3947 1117 3988 nee
1136 3921 1255 4010 aliquid
1270 3923 1378 3987 turba-

329 4018 401 4081 tur;
417 4005 476 4070 etsi
491 4006 541 4070 vel
555 4007 598 4071 sie
612 4007 656 4070 nil
670 4009 786 4074 referre
800 4011 926 4076 videtur
940 4010 1048 4074 multis
1062 4009 1094 4074 in
1108 4009 1193 4088 locis,
1209 4008 1375 4088 scribmne

329 4108 386 4158 aut
400 4092 551 4180 scriptum
566 4107 659 4180 putes
677 4094 784 4176 fuisse,
801 4101 862 4172 afa
876 4120 916 4161 an
933 4101 987 4170 fos.
1007 4097 1055 4161 uti
1075 4096 1134 4161 hoc
1154 4096 1258 4184 ipsum
1273 4120 1377 4182 πατρος

328 4185 400 4259 foro,
416 4190 447 4244 et
461 4179 564 4266 ποτρός
579 4183 641 4259 ἑοῖο,
656 4204 696 4244 ex
712 4186 783 4245 {folo
799 4187 836 4247 B.
851 4181 924 4248 662.
949 4185 1002 4246 Ita
1011 4182 1143 4248 retinere
1157 4183 1263 4248 malim
1278 4188 1316 4246 N.
1334 4180 1378 4246 26

327 4266 474 4350 χρυσείην,
490 4263 629 4344 ἐΰτοκτον,
645 4271 708 4331 {fou
722 4269 743 4330 δ’
759 4270 914 4347 ἐπεβήσατο
935 4268 1037 4357 δίφρου.
1058 4293 1122 4335 non
1137 4275 1197 4335 fou.
1213 4270 1254 4334 οὗ.
1286 4272 1377 4348 Quae

330 4353 454 4416 obstare
467 4350 632 4438 disputatis
647 4353 746 4418 videri
760 4368 891 4441 possunt
909 4354 987 4438 loca,
1004 4355 1159 4445 sigillatim
1180 4357 1314 4431 notab03
1340 4367 1377 4420 ut
