3026 5056
347 345 391 422 82
720 341 1023 422 EXOURSUS'I.

339 527 394 592 riis
408 525 517 592 modis.
546 527 618 592 lte
632 525 733 596 omnis¹
746 525 813 592 fare
829 525 966 592 narratio
980 524 1062 591 redit
1075 524 1117 590 ad
1130 523 1316 612 ptuma'ohos'
1329 535 1360 590 et
1372 544 1390 589 s

339 612 471 700 singulis
485 611 560 678 viris
574 613 805 680 strenueiaets
1109 655 1122 670 ι
1496 657 1497 696 1

381 702 497 786 Neque
519 699 602 766 tertii
625 699 783 788 praecepti
807 697 959 778 Nestoris,
981 697 1068 784 quoti
1092 697 1158 762 sd
1201 709 1335 784 gudntes
1351 697 1389 762 de
1496 755 1497 758 ,

337 785 482 851 curribus
505 797 634 874 spectat,
648 787 851 852 observantes
872 806 939 850 esse
960 783 1100 850 Adrivus
1121 784 1153 848 ri
1194 795 1265 848 mus
1280 784 1316 847 in
1333 795 1388 872 p'u-

333 870 417 1021 gnis,
432 893 514 959 quae
535 874 636 949 fiunts
660 891 733 937 uam
746 871 780 937 in
794 872 897 961 primo
910 871 1016 936 stetim
1127 880 1200 936 essu
1220 870 1388 934 Diomedes
1496 891 1497 948 ς

359 980 376 1020 e
392 965 491 1024 ‘curru
513 959 625 1039 desilit,
642 965 682 1023 Aa
698 962 764 1030 419
777 969 810 1023 et
822 957 919 1046 pedes
931 957 1024 1022 irruit
1036 957 1070 1021 in
1107 977 1150 1021 uo
1164 955 1291 1021 Daretis
1310 955 1386 1020 mos

328 1041 368 1108 in
392 1059 500 1109 curru
515 1044 705 1128 stantesll.
725 1049 761 1110 u.
783 1047 834 1112 1a.
861 1055 895 1109 ‘et
920 1043 963 1108 sie
986 1043 1020 1120 iu
1045 1065 1130 1130 seqq.
1156 1041 1217 1107 alii.
1263 1041 1387 1108 Tertiae
1496 1063 1497 1124 1

303 1213 305 1218 ι
332 1133 470 1217 pugnos,
485 1149 584 1220 quam
605 1129 679 1230 inde
698 1149 718 1194 a
740 1131 779 1196 Il.
795 1135 832 1196 A.
841 1131 970 1230 ,fastum
988 1129 1143 1231 videmus,
1158 1126 1219 1193 alio
1233 1128 1328 1192 modo
1342 1129 1385 1192 in·

332 1218 499 1283 struendae
521 1227 735 1283 necessrtatem
759 1217 993 1318 attuht1psum
1018 1237 1150 1318 pugnae·
1169 1237 1289 1303 genus3
1316 1226 1386 1279 nam

334 1301 451 1366 Achivi
473 1303 575 1392 pridie
597 1303 681 1370 intra
701 1302 819 1368 vallum
842 1327 875 1369 se
896 1319 1034 1390 recipere
1054 1311 1153 1368 ooaeb
1172 1313 1283 1366 ourr'us
1304 1323 1387 1366 nuno

332 1386 416 1454 intra
429 1389 544 1456 fossam
558 1399 677 1469 tenent,
690 1389 752 1478 ipsi
766 1389 888 1479 pedites
905 1401 1023 1455 exeunt
1037 1389 1131 1454 etism
1144 1386 1316 1476 pmmsohi,
1332 1388 1385 1453 sed

330 1473 415 1540 intra
426 1475 553 1542 ordines
567 1489 623 1541 seu
637 1490 767 1557 turmas,
784 1486 822 1542 ut
835 1477 914 1542 adeo
927 1496 1069 1564 pugnam
1083 1473 1252 1541 missilibus
1272 1474 1384 1540 factam
1496 1521 1497 1572 i

330 1561 458 1638 medusa
480 1563 582 1628 donee
597 1563 714 1630 Achivi
735 1576 945 1651 perrumpunt
966 1573 1088 1627 turmas
1105 1560 1319 1648 'hojensium
1340 1583 1383 1626 vs.

329 1649 381 1718 99.
405 1648 528 1735 prosilit
548 1670 634 1714 nuuc
655 1648 737 1714 inter
757 1649 942 1736 promaohos
956 1649 1190 1736 Agamemnon,
1206 1658 1237 1710 et
1256 1645 1299 1710 sio
1313 1645 1383 1723 aliir

329 1755 410 1820 quos
425 1745 530 1800 tamen
542 1735 691 1814 caedunt,
708 1746 781 1800 sunt
796 1745 828 1799 et
841 1733 901 1822 ipsi
914 1757 932 1798 e
948 1735 1162 1822 Trojanorum
1175 1733 1360 1820 pmmaehis.

374 1821 415 1884 In
429 1819 498 1908 ipss
510 1839 621 1910 pugna
633 1821 797 1886 innumera
811 1821 903 1901 fiunt,
919 1843 1001 1908 quae
1014 1831 1090 1886 sunt
1109 1842 1129 1884 a
1146 1819 1321 1908 praeseptis
1337 1831 1383 1884 tu

328 1903 422 1971 ctioes
436 1905 546 1987 aliens,
562 1931 644 1995 quse
657 1907 748 1972 facile
762 1906 818 2010 qui
835 1983 837 1986 ¹
855 1931 897 1972 ue
910 1929 970 1994 pro
983 1929 1017 1972 se
1030 1905 1219 1986 observabit,
1234 1906 1383 1974 normulis

328 2010 457 2079 quoque
470 1991 545 2059 loeis
559 1993 624 2061 suis
639 2003 714 2060 sunt
727 2015 811 2059 anun
854 2015 951 2058 versa.
1133 2011 1136 2016 “
1214 2063 1218 2072 ,

371 2078 600 2168 Descriptionis
620 2081 784 2147 universae
802 2080 878 2145 miei
901 2078 1034 2167 speciem
1053 2077 1191 2166 aliquam
1209 2077 1325 2144 habere
1339 2079 1382 2143 vi-

326 2163 394 2228 deri
416 2179 549 2253 possunt
570 2186 617 2248 es,
640 2190 724 2256 quae
746 2168 787 2233 de
808 2169 1049 2254 Agamemnone
1071 2176 1239 2230 narrantur
1259 2163 1383 2232 ordines

325 2251 474 2332 obeunte,
488 2253 568 2320 dum
582 2253 712 2320 hortatu
725 2253 770 2318 mi
792 2253 799 2268 “
840 2275 883 2318 ue
902 2251 1040 2318 incendit
1058 2251 1195 2327 snim0s3
1219 2252 1279 2316 hao
1297 2251 1381 2317 enim

325 2335 360 2402 in
381 2338 630 2405 disemsitatione
650 2352 791 2428 pererrat
813 2340 819 2354 '
846 2363 864 2404 e
886 2339 989 2427 primo
1015 2337 1212 2404 Cretensium
1235 2338 1379 2414 ordinem
1496 2361 1497 2368 ¹

324 2445 405 2510 quos
429 2426 508 2490 adeo
532 2425 543 2489 i
582 2425 588 2439 '
616 2425 854 2513 proximolooo
878 2425 998 2491 stetisse
1022 2445 1146 2489 neeesse
1174 2434 1242 2499 est3
1275 2423 1314 2489 Il.
1338 2430 1380 2492 Δ.

323 2512 398 2575 251.
413 2524 482 2576 tum
550 2511 748 2590 aminiorum,
763 2511 837 2576 iude
857 2511 1033 2602 Pyliorum‚
1050 2509 1305 2589 Atheniensium,
1321 2512 1381 2576 Ce-

323 2617 388 2746 p>io
409 2597 563 2678 eniorum,
579 2603 670 2685 ‚quos
692 2597 824 2686 Ulysses
846 2598 992 2678 ducebat,
1015 2610 1047 2663 et
1068 2598 1276 2684 Argivorum
1299 2620 1380 2684 quos

388 2683 502 2749 medes.
548 2684 666 2763 Quaeri
686 2695 800 2784 potest,
816 2685 902 2749 unde
915 2695 948 2748 et
961 2684 1004 2748 ad
1017 2693 1215 2771 quaspartes
1236 2705 1380 2771 progres-
1457 2757 1464 2770 ,
1496 2765 1497 2772 ¹

322 2781 376 2832 sus
399 2768 440 2833 sit
461 2771 694 2858 Agamemnon.
716 2765 863 2836 ''Seilioet
884 2771 1016 2834 mediam
1039 2773 1136 2836 actem
1157 2768 1319 2857 probabile
1341 2771 1380 2835 m

322 2853 458 2920 tenuisse
479 2859 751 2944 Agamemnonem
773 2868 807 2923 et
831 2856 1025 2936 Menelaum,
1046 2874 1119 2920 oum
1141 2855 1325 2944 Mycenaeis
1347 2867 1380 2922 et

321 2939 596 3020 Lacedaemoniis3
620 2947 894 3032 Agamemnonem
916 2952 1022 3008 autem
1043 2939 1168 3007 ordines
1181 2954 1291 3006 versus
1312 2963 1379 3008 eor-

320 3043 366 3092 nu
382 3029 501 3094 laevem
514 3049 707 3116 pererrasse3
730 3029 783 3094 hic
801 3041 908 3094 tsrnen
929 3037 1106 3094 turmarum
1124 3028 1203 3093 ordo
1221 3049 1286 3092 non
1303 3029 1378 3095 sutis

319 3114 466 3178 convenit
486 3137 560 3179 eum
580 3113 628 3196 iis,
644 3138 725 3202 quae
746 3115 780 3179 in
800 3114 869 3203 ipsa
889 3125 999 3203 pugna
1016 3125 1202 3191 narrantum
1226 3114 1272 3179 its
1287 3115 1377 3202 Ajax

319 3199 440 3286 ubique
461 3210 547 3276 tenet
567 3213 708 3266 extrema
727 3200 808 3266 laevi
824 3223 933 3268 cornu.
978 3203 1166 3288 Ig'norsmus
1184 3223 1290 3301 porro,
1306 3201 1377 3288 qui-

319 3299 393 3350 nam
407 3286 518 3374 populi
532 3286 567 3351 in
581 3290 687 3352 dextro
702 3303 800 3352 cornu
815 3287 967 3378 steterint,
983 3287 1071 3388 quod
1084 3287 1202 3375 alioqm
1218 3286 1376 3352 nudatum

317 3370 439 3452 fuisset,
465 3392 539 3437 cum
564 3372 701 3439 Achilles
725 3374 767 3439 ab
790 3374 850 3438 hae
874 3384 964 3462 parte
989 3393 1023 3438 1n
1047 3373 1154 3438 eastris
1178 3385 1373 3450 remanerem

317 3473 392 3522 nam
405 3458 435 3524 is
446 3467 619 3524 eastromm
633 3459 746 3525 dextra
758 3460 801 3525 ad
816 3459 946 3547 Sigeum
959 3471 1033 3524 etun
1048 3459 1308 3546 Myrmidonibus
1328 3471 1375 3524 te-¹

317 3544 421 3610 nebat.
467 3544 537 3610 Nisi
558 3543 726 3611 dicendum
747 3555 805 3626 est,
819 3546 950 3610 omnino
963 3546 1006 3610 de
1017 3545 1084 3610 scie
1095 3545 1199 3610 media
1211 3545 1375 3611 interduo

286 3645 289 3655 “
316 3647 435 3697 oomua
454 3650 519 3696 nou
539 3653 606 3697 esse
626 3632 841 3720 cogitandum,-
856 3631 912 3698 sed
932 3631 1029 3698 aciem
1047 3630 1227 3698 continuam
1245 3632 1289 3698 ab
1303 3655 1373 3698 uno

316 3733 415 3783 comm
429 3717 619 3784 adulterum
633 3715 827 3806 pertinuisse.

360 3805 534 3892 Quodjam
549 3804 780 3894 supradictum
800 3815 858 3884 est,
872 3803 908 3870 in
925 3805 991 3870 acie
1009 3803 1184 3870 ordinanda
1202 3803 1280 3870 nihil
1299 3805 1371 3894 regi

314 3909 351 3956 aa
364 3891 515 3957 eonstitui
528 3896 618 3957 unius
631 3915 688 3992 per
707 3903 810 3958 totum
830 3891 1002 3958 exereitum
1020 3890 1158 3971 oonsilio,
1174 3891 1229 3956 sed
1247 3891 1373 3958 dueum

315 3993 486 4080 quemque·
495 3996 556 4080 pro
576 3977 688 4081 lubitu·
703 3978 808 4078 copias
823 4001 902 4078 ‘suas
923 3979 1098 4067 disponere,
1113 3978 1175 4042 hoc
1192 3977 1226 4041 in
1246 3978 1375 4066 primae
1496 4007 1497 4070 ἢ

314 4081 360 4154 pu
404 4087 444 4130 ae
454 4085 609 4216 principio
619 4077 724 4130 statrm
734 4064 932 4164 mtellrgitum
949 4087 1022 4131 oum
1035 4077 1108 4130 ante
1117 4063 1369 4154 Agamemnonis
1496 4099 1497 4148 i

313 4165 347 4218 et
406 4151 504 4219 eneai
525 4173 622 4218 amem
643 4163 805 4240 pugnatm
823 4175 842 4218 a
861 4152 976 4218 Pande
996 4162 1029 4218 et
1047 4145 1206 4231 Menelao,
1226 4165 1368 4241 moxque
1465 4197 1468 4204 .

315 4237 431 4304 violato
455 4238 582 4306 foedere
603 4238 805 4325 dongreditur
832 4251 966 4326 utraque
987 4238 1077 4320 acies,
1102 4237 1313 4326 Cephallenes·
1333 4249 1369 4302 et
1496 4255 1497 4334 t
