3026 5056
427 384 495 449 An
519 384 668 452 rmnn.
693 390 730 451 n.
755 387 820 458 494
841 410 909 478 sqq.
1097 403 1100 410 ⁴
1151 393 1194 461 15

146 551 184 618 Il.
199 557 234 617 T.
252 555 364 652 ΞΤίεί
376 559 452 655 ¹1³.ss
466 563 491 620 ol
504 559 556 641 μὲν
572 557 616 646 ἄρ’
631 558 791 625 ἐσκίδναντο
806 563 849 639 ἑὴν
864 562 907 625 ἐπί
923 565 973 639 νῆα
989 561 1119 639 ἕκαστος.
1138 565 1194 630 ubi

146 653 251 705 tamen
265 653 346 705 rotro
360 654 454 706 estin
469 643 552 710 θέσει.
567 656 604 709 ut
618 645 651 709 in
666 645 730 711 od.
742 652 781 711 B.
793 650 859 712 258
872 654 897 712 ol
910 649 961 732 μδν
976 646 1019 738 ἄρ’
1035 650 1193 716 ἐσκίδναντο

146 731 178 790 nt
191 729 257 815 πρὸς
271 727 373 810 δνίνμαί
388 729 518 806 ἕκαστος.
556 733 739 798 Praefixum
752 745 859 798 autem
874 733 955 802 illud
968 760 992 813 r,
1008 737 1104 801 modo
1119 737 1192 817 leni,

144 813 203 878 hoc
217 827 265 879 est
279 814 377 894 nullo,
393 816 489 881 modo
510 839 620 906 aspero
640 818 763 907 spiritu,
784 820 879 885 modo
898 821 1067 909 digamma,
1087 824 1195 890 multis

144 901 295 989 exemplis
309 915 448 978 constan
475 908 562 969 fero.
580 910 668 970 ferre.
683 911 786 971 ἐίενπε.
832 907 884 971 Sic
898 910 1032 974 rfalora.
1047 914 1147 988 είαλη.
1163 938 1193 974 ε-

147 992 234 1074 ίῗαγη.
251 989 366 1072 νὶαφίη.
388 1013 428 1053 ex
452 995 571 1070 ferrem,
588 996 720 1056 είεννοσν.
744 991 821 1073 εἴκω,
839 997 935 1075 farno,
953 999 1047 1075 forna,
1065 1000 1190 1062 ίείοννα.

144 1072 196 1138 Sic
212 1079 320 1161 fropya
333 1075 383 1139 vel
399 1080 536 1164 fefogya.
553 1083 682 1144 ίῖιίολπα
696 1101 735 1143 ex
752 1084 904 1161 ίελπομαι,
919 1085 1062 1146 ιίελπετο.

187 1161 377 1248 Expeditior
398 1161 485 1227 nitio'
497 1177 544 1228 est
558 1163 591 1228 in
607 1169 650 1229 for
664 1177 697 1229 et
712 1171 754 1244 fe,
770 1166 858 1253 quod
872 1166 905 1231 in
919 1165 1048 1254 vulgata
1061 1167 1192 1234 lectione

144 1247 263 1334 ubique
277 1249 344 1312 fere
362 1271 529 1338 agnoscere
547 1251 637 1326 lieet3
663 1263 695 1316 et
713 1275 785 1316 raro
803 1266 988 1353 corruptum
1008 1267 1064 1318 est.
1110 1258 1193 1321 Sunt

144 1347 248 1399 tamen
268 1334 346 1413 loca,
361 1334 526 1423 inquibus
544 1359 658 1426 operae
678 1338 818 1425 pretium
835 1352 883 1404 est
901 1339 981 1405 illud
1000 1340 1194 1407 animadver-

144 1433 208 1486 tere
230 1422 323 1486 metri
344 1445 469 1488 caussa:
494 1423 539 1489 ita
561 1431 595 1488 B.
612 1423 676 1490 665
696 1424 852 1502 ἀπείλησαν
873 1431 932 1512 γὰρ
955 1433 979 1490 ol
1000 1426 1097 1508 ἄλλοι,
1119 1452 1193 1493 cum

139 1508 216 1572 vitio
231 1531 342 1572 versus
355 1509 473 1597 legitur
487 1511 546 1596 γάρ
562 1518 597 1576 οἱ.
620 1512 709 1598 quod
722 1524 803 1575 esset
817 1537 875 1598 γαρ
891 1518 943 1577 for.

185 1597 405 1661 Deseruernnt
418 1597 495 1661 haec
509 1611 567 1662 aut
585 1597 810 1685 ignoraverunt
829 1609 940 1686 poetae
958 1611 1030 1686 post
1045 1600 1192 1664 Homeri-

143 1705 213 1747 cum
229 1705 354 1760 aevum,
370 1683 513 1770 adeoque
533 1683 709 1749 observatio
729 1684 835 1749 locum
856 1685 991 1773 amplius
1013 1708 1076 1750 non
1097 1686 1193 1750 habet

144 1783 199 1833 aut
217 1770 251 1832 in
266 1769 467 1848 Atticis,·aut
485 1771 519 1834 in
533 1769 715 1858 Apollonio,
733 1771 925 1836 Callimacho
947 1786 978 1837 et
1000 1771 1083 1836 aliis.'
1120 1773 1192 1837 Etsi

143 1868 314 1920 occurrunt
328 1856 480 1940 nonnulla
493 1879 575 1944 quae
589 1882 628 1923 ex
643 1857 758 1923 notatis
771 1856 875 1924 luoem
888 1859 1054 1948 accipiunt.
1096 1861 1147 1924 At
1159 1859 1192 1923 in

145 1943 288 2007 Hesiodo
303 1967 379 2007 usus
393 1944 461 2042 ejus
476 1944 700 2009 observationis
719 1957 766 2009 est
785 1945 1003 2033 amplissimus,
1018 1947 1122 2032 neque
1136 1946 1193 2011 cri-

86 2071 95 2081 ·
146 2029 207 2094 tioa
222 2029 256 2094 in
276 2054 314 2094 eo
332 2030 462 2096 felicrter
483 2032 620 2096 exeroeri
640 2043 755 2118 potest,
774 2032 834 2096 nisi
852 2033 920 2120 ejus
938 2055 1057 2097 memor
1075 2032 1191 2107 fueris;

145 2116 262 2181 multae
284 2117 368 2181 enim
389 2128 421 2182 et
442 2119 637 2206 corruptelae
659 2129 691 2182 et
711 2118 964 2206 interpolationes
985 2141 1025 2183 ex
1050 2119 1194 2206 ignorato

144 2203 304 2291 digamma
318 2217 392 2269 sunt
406 2205 572 2292 profectae.
618 2207 736 2269 Verum
750 2205 811 2270 ista
823 2203 903 2272 alius
918 2219 992 2271 sunt
1005 2205 1073 2270 loni.

454 2380 750 2454 EXCURSUS
779 2382 888 2455 VIII.

533 2503 591 2568 Ad
604 2509 642 2568 A.
655 2508 721 2576 494
735 2528 801 2592 sqq.

476 2613 530 2678 De
546 2615 675 2702 Olympo
690 2616 861 2680 Honorino.

187 2725 292 2790 Semel
308 2725 349 2789 de
364 2725 459 2813 Olym
521 2749 649 2792 monere
668 2728 831 2793 suffecerit.
878 2726 975 2790 Notio
995 2727 1098 2814 prima
1119 2741 1193 2794 nata

141 2813 229 2900 apud
251 2813 369 2891 Pieres,
390 2835 463 2877 aooo
529 2814 644 2878 montis
662 2813 802 2902 Olympi,
818 2827 888 2878 tum
903 2814 1068 2894 Thraciae,
1084 2827 1193 2902 postea

146 2898 362 2979 Maoedoniae,
377 2899 491 2986 partim
507 2912 630 2978 nature,
645 2901 760 2998 partim
774 2900 922 2986 religione
937 2899 1089 2964 notabilis.
1130 2904 1193 2965 Est

144 2984 194 3051 ille
211 2985 304 3050 altior
323 2986 432 3050 ceteris
452 2987 520 3074 ejus
537 2986 672 3072 regioms
693 2986 870 3061 montibus;
896 2984 1056 3072 perpetuis
1069 2985 1192 3051 nebulis

145 3095 179 3138 ac
193 3072 333 3138 nubibus
347 3073 522 3149 obductus3
547 3073 581 3137 in
595 3072 704 3137 eodem
718 3072 888 3160 praecipua
901 3074 925 3135 J
927 3071 993 3136 ovis
1006 3072 1069 3138 fuit
1082 3072 1192 3160 religio

144 3182 216 3226 cum
237 3181 293 3224 ara
311 3159 345 3223 in
367 3182 490 3225 summo
511 3159 626 3224 montis
639 3160 763 3224 vertice.
808 3158 871 3223 Vul
929 3158 955 3223 's
968 3157 1074 3247 opInio
1093 3161 1192 3224 honri-

144 3269 221 3311 num
240 3259 272 3311 et
289 3269 357 3312 mos
378 3247 457 3311 altos
475 3260 597 3312 montes
616 3246 676 3315 diis
694 3181 1008 3325 consecrantirlnsaora
1020 3245 1054 3310 in
1067 3246 1106 3311 iis
1119 3259 1193 3311 oon-

145 3332 306 3411 stituendi,
322 3331 468 3413 solitudo,
484 3334 605 3414 horror,
621 3333 740 3425 religio,
755 3345 852 3420 atque
865 3332 978 3396 vicinia
993 3331 1071 3420 ipsa,
1092 3330 1193 3399 addu-

144 3419 212 3504 'cere
226 3419 318 3484 facile
337 3420 443 3508 potuit
457 3421 575 3499 Pieres,
593 3433 631 3485 ut
651 3421 755 3486 sedem
774 3420 866 3485 Jovis
887 3418 916 3484 ei
937 3420 1035 3484 monti
1056 3419 1193 3508 assigna
1283 3489 1286 3496 Α
1357 3459 1361 3468 ‚

144 3520 224 3587 rent,
246 3519 286 3572 ut
307 3507 394 3594 apud
417 3509 574 3596 Trojanos
594 3507 648 3570 illa
668 3507 701 3572 in
724 3506 786 3572 Ida
805 3505 868 3571 fuit
888 3506 1073 3571 constituta:
1092 3505 1194 3586 Ἴδηθεν

144 3595 244 3675 μεδέων
260 3590 300 3657 Il.
312 3599 352 3657 Ω.
364 3597 437 3659 608
462 3597 551 3674 Quae
565 3594 606 3658 de
620 3594 680 3658 hoc
694 3605 801 3658 monte
816 3592 954 3692 Olympo
968 3606 1192 3674 memorantur,

146 3681 185 3744 ad
208 3681 240 3744 h.
262 3677 282 3744 l.
307 3703 370 3744 non
396 3693 556 3769 spectant;
581 3693 628 3745 est
653 3681 693 3746 de
718 3706 755 3745 eo
781 3680 952 3768 disputatio
975 3680 1142 3746 Volborthi
1164 3704 1192 3745 a.

146 3765 305 3832 LXXVI
326 3768 413 3856 apud
433 3771 490 3832 nos
509 3767 624 3832 habite.
670 3771 714 3832 At
729 3767 835 3832 Pieres
852 3789 925 3831 oum
940 3768 1023 3831 Jove
1037 3767 1131 3832 etiem
1145 3791 1194 3832 ce-

146 3865 227 3920 teros
243 3853 319 3919 deos
332 3855 364 3919 in
379 3855 439 3922 hoc
454 3869 560 3920 monte
579 3853 781 3934 collocarunt,
794 3853 889 3954 primi
912 3877 952 3918 ue
972 3854 1040 3918 loca
1059 3853 1194 3953 regionis

140 3877 1193 4111 lntrnt⁰lrrnnnrnirritantr

141 4113 313 4180 *Musarum
330 4117 476 4200 religione
495 4114 616 4201 masmae
633 4115 797 4200 originibus
816 4125 844 4178 et
863 4077 976 4178 inussit
994 4138 1021 4178 a.
1042 4107 1135 4181 1766.
1159 4111 1193 4176 in

151 4203 351 4266 Commentot.
369 4201 434 4266 Soc.
445 4203 485 4266 R.
503 4202 734 4267 sc.T0.vl11.
775 4201 882 4266 Etiam
894 4197 1069 4286 Gigantum
1083 4221 1194 4298 pugna

147 4285 177 4350 in
191 4287 241 4351 his
255 4286 331 4352 locis
345 4289 437 4367 farta,
449 4289 644 4376 aliarumque
657 4289 733 4352 fabu
804 4311 836 4374 m
851 4285 1089 4352 domesticarum
1104 4309 1193 4376 ongo

149 4373 291 4440 Pieribus
306 4397 345 4438 ex
360 4375 397 4439 iis
410 4375 580 4441 constituta
594 4397 659 4440 esse
673 4375 806 4440 videtur.
