3026 5056
339 367 383 435 70
704 363 956 430 EXCURSUS
990 365 1018 428 Ι.

341 536 523 638 apposuisse
536 535 612 602 satis
623 547 710 611 esto3
733 559 797 635 non
811 537 895 600 enim
915 537 1081 600 Exornsus
1099 547 1277 598 accuratam
1290 555 1387 621 expo-

341 636 484 774 mgnem
498 636 680 775 ladpdrluidi
693 622 1049 774 ffltsffiuppffium
1070 706 1255 804 mythorunr
1275 727 1386 805 genus,

341 819 406 882 quo
443 794 584 892 ominum
598 796 800 884 antiquorum
822 795 863 860 ali
886 818 960 894 uam
974 795 1014 860 de
1027 795 1123 859 rebus
1131 792 1274 944 phpnms
1286 815 1388 890 opmr·

341 903 445 960 onem,
459 881 697 970 philosophema
709 881 865 971 appellare
908 894 987 961 ceat,
1003 905 1023 945 a
1037 902 1188 967 superiori
1211 901 1249 943 ns
1262 879 1388 943 vatibus

342 967 376 1066 in
391 967 577 1057 phantasma
590 981 760 1047 mutatum,
772 981 805 1034 et
819 967 955 1032 carmine
968 966 1159 1064 expostum,
1169 964 1392 1116 ffiffipptitt

341 1052 1205 1290 {ijgbhffdfflrefbdffmssamgilffidridlierblddm
1221 1073 1332 1236 eleterii
1346 1138 1388 1202 ad

341 1312 376 1377 r
389 1241 720 1394 ausurus
733 1224 1389 1410 trecassinensem

341 1399 461 1465 ratione
475 1399 536 1465 tale
550 1400 671 1500 aliquid
684 1399 838 1488 respiciat,
854 1400 895 1464 sd
909 1399 989 1465 illud
1003 1398 1134 1499 alludat,
1148 1419 1291 1486 inprimis
1307 1409 1389 1496 mter

341 1482 1388 1660 lhfflh‘tlslllslffflffilllfflffl

340 1671 556 1746 propagatam.
600 1661 691 1724 Haec
711 1682 826 1746 negare
847 1659 927 1724 velle
949 1661 1092 1723 Homero
1113 1680 1179 1722 esse
1199 1655 1265 1722 anti
1288 1655 1387 1754 niem,

340 1743 531 1810 carminibus
545 1745 742 1832 superiorum
755 1758 921 1833 poetarum
938 1756 1071 1810 tractata
1083 1760 1116 1808 et
1129 1755 1249 1822 ornata,
1320 1765 1388 1829 ipso

342 1830 514 1894 Homerico
527 1831 616 1918 epiro
629 1854 770 1896 sermone
784 1831 907 1896 diverso
928 1830 1023 1897 modo
1044 1854 1081 1895 ac
1101 1829 1228 1895 oonsilio
1249 1841 1386 1908 narrata,

341 1914 508 2002 pertinacis
527 1928 607 1982 esset
626 1917 722 1982 animi
743 1917 786 1982 ad
806 1917 943 1984 lubitum
965 1916 1169 2006 repugnantis
1182 1915 1220 1982 iis
1233 1939 1317 2002 quae
1330 1937 1387 2012 per

342 2025 375 2066 se
393 2014 467 2066 sunt
485 2001 715 2068 evidentissima
731 2004 766 2068 in
783 2004 843 2068 hoc
861 2027 986 2092 genere,
1001 2002 1088 2092 quod
1109 2002 1195 2068 ultra
1213 2001 1386 2090 probabili·

342 2099 439 2152 tatem
453 2111 614 2176 assurgere
629 2091 747 2178 nequit.

385 2174 443 2240 Ad
456 2175 674 2242 declarandam
688 2179 712 2241 J
713 2176 780 2241 ovis
797 2175 969 2264 potentiam
983 2175 1103 2241 viribus
1116 2173 1257 2241 omnium
1271 2187 1388 2240 cetero·

341 2282 414 2324 rum
436 2261 567 2326 deorum
589 2262 781 2350 superiorem
799 2261 959 2351 quomodo
979 2262 1040 2327 hoc
1060 2275 1172 2350 poetae
1192 2260 1226 2326 in
1247 2260 1387 2327 animum

208 2397 211 2402 .
342 2346 448 2411 venire
461 2348 625 2436 potuisset,
641 2362 833 2415 uteatenam
846 2362 1034 2414 memoraret
1047 2373 1065 2414 e
1078 2348 1164 2414 eaelo
1176 2347 1355 2428 demissam,
1370 2371 1389 2412 e

341 2457 407 2584 pua
467 2435 600 2514 nderent
620 2459 729 2500 omues
753 2437 798 2501 dii
820 2435 970 2523 deaeque,
996 2434 1041 2500 ita
1064 2435 1193 2523 quidem
1214 2447 1252 2500 ut
1272 2437 1389 2500 Jovem

364 2534 417 2618 etr
454 2545 506 2586 ere
518 2521 588 2586 loco
601 2545 665 2586 non
684 2536 823 2620 possent,
838 2546 858 2586 a
870 2525 954 2587 Jove
973 2537 1079 2588 autem
1095 2545 1159 2588 una
1171 2543 1244 2588 cum
1258 2535 1342 2588 terra
1356 2535 1388 2588 et

341 2629 421 2670 man
435 2629 560 2672 sursum
574 2608 681 2673 nactis
694 2631 727 2673 m
741 2633 812 2674 aere
826 2609 969 2696 suspensi
987 2633 1020 2674 se
1040 2608 1207 2674 librarent!
1245 2611 1308 2674 Est
1326 2608 1392 2674 hoc'

342 2703 406 2756 tam
421 2692 557 2759 alienum
571 2717 608 2759 ac
622 2707 789 2776 remotum,
802 2709 867 2762 tam
880 2694 1051 2760 abhorrens
1061 2718 1081 2759 a
1095 2695 1213 2760 solenni
1226 2695 1386 2782 cogitandi
1502 2723 1503 2752 l

339 2800 438 2858 more,
455 2794 492 2844 ut
505 2802 570 2845 non
576 2777 744 2870 appareat,
760 2781 920 2870 quomodo
933 2780 1046 2869 aliquis
1062 2781 1095 2845 in
1113 2781 1148 2846 id
1165 2781 1292 2846 incidat
1337 2785 1387 2848 At

342 2887 437 2930 suave
451 2865 512 2931 hoc
532 2881 580 2932 est
601 2880 634 2933 et
654 2882 816 2968 argutum,
832 2868 857 2932 si
879 2868 1036 2948 sumseris,
1050 2867 1147 2934 fuisse
1166 2868 1314 2956 mythum
1333 2892 1388 2934 an-

341 2950 519 3039 tiquiorem,
535 2977 600 3041 quo
615 2956 778 3020 Homerus
791 2978 825 3019 m
841 2977 907 3020 rem
927 2977 1027 3033 suam,
1043 2966 1193 3041 tanquam
1206 2977 1241 3018 re
1255 2977 1329 3020 vere
1343 2954 1388 3020 ita
1501 3021 1502 3028 ,

340 3050 439 3124 gesta,
455 3063 532 3104 usus
546 3040 594 3104 sit
640 3043 773 3108 Constat
793 3053 911 3119 autem,
928 3040 1061 3128 priscam
1083 3040 1164 3106 hano
1185 3040 1282 3106 fuisse
1303 3063 1386 3106 oom-

339 3125 594 3190 memorationem
609 3125 649 3190 de
663 3127 783 3205 ordine,
799 3150 894 3214 quem
908 3127 1045 3192 universi
1065 3127 1163 3215 hujus
1180 3139 1286 3216 partffl
1306 3128 1387 3194 obti-

341 3223 447 3289 neant,
470 3223 553 3276 terra
579 3211 720 3300 marique
742 3214 774 3278 in
800 3213 864 3277 imo
888 3213 1008 3300 positis,
1033 3238 1105 3280 aere
1126 3227 1160 3280 et
1180 3214 1307 3280 aethere
1330 3238 1385 3280 seu
1500 3257 1501 3289 r

340 3295 426 3360 caelo
454 3296 616 3384 superiora
643 3300 832 3378 tenentibus,
858 3299 1026 3389 conjuncta
1054 3314 1160 3366 tamen
1184 3314 1217 3366 et
1240 3325 1323 3368 nexa
1348 3315 1386 3366 ut

340 3381 446 3448 omnia
459 3381 541 3449 inter
555 3407 588 3449 se
602 3383 675 3464 sint,
691 3399 729 3450 ut
742 3409 799 3452 nec
813 3386 882 3452 loco
900 3387 1010 3452 cedere
1104 3388 1111 3403 ’
1137 3401 1168 3462 t;
1191 3411 1257 3454 esse
1277 3389 1386 3476 itaque

339 3467 445 3534 omnia
467 3483 616 3558 tanquam
638 3471 720 3536 mole
741 3496 800 3538 sua
820 3472 942 3538 librata
987 3411 1136 3538 Nihilffl
1173 3473 1181 3486 '

338 3554 444 3654 potuit
457 3555 532 3621 huic
545 3557 622 3636 viso,
634 3558 722 3657 quod
735 3583 795 3647 pro
808 3559 982 3648 priscorum
996 3560 1160 3626 hominum
1174 3559 1307 3648 ingenus
1320 3584 1386 3627 non

337 3655 481 3740 ineptum
495 3642 594 3708 videri
611 3658 726 3732 potrut‚
741 3670 839 3746 quam
861 3647 886 3712 si
907 3646 989 3712 illud
1009 3671 1074 3800 ἢ
1087 3661 1227 3712 catenam
1249 3647 1385 3736 desuper

338 3726 503 3794 demissam
516 3729 738 3811 declararetur,
749 3757 783 3797 m
794 3733 885 3799 Jovis
899 3757 996 3798 manu
1074 3734 1150 3799 itam
1159 3746 1192 3799 et
1202 3757 1242 3798 ex
1254 3733 1386 3823 Olympi
1498 3763 1499 3814 ς

337 3829 429 3902 parte
449 3815 556 3904 aliqua
576 3818 747 3907 religatam.
793 3822 888 3886 Nunc
909 3820 1002 3886 video
1023 3818 1143 3908 aliquid
1163 3820 1195 3883 in
1217 3820 1278 3886 isto
1299 3843 1384 3886 oom-

338 3915 455 3982 mento‚
470 3904 558 3991 quod
572 3928 636 3970 non
649 3907 778 3972 omnino
792 3907 832 3972 sit
845 3907 1037 3982 absurdum
1052 3920 1085 3972 et
1154 3906 1197 3971 bo
1210 3920 1324 3995 poetae
1338 3908 1386 3972 in·

337 3989 477 4140 ponium,
500 3991 587 4078 quod
608 3992 660 4056 ille
682 4007 745 4058 tam
769 3992 931 4058 commode
952 3993 1082 4060 invento
1124 4015 1162 4056 oc
1182 4016 1259 4058 usus
1284 3994 1326 4061 sit
1350 3995 1384 4059 in
1497 4025 1498 4075 t

361 4077 429 4142 ovi's
444 4078 547 4143 verbis
560 4078 594 4142 h.
605 4078 626 4142 l.

380 4164 537 4229 Convenit
550 4187 623 4229 cum
641 4188 680 4230 eo
700 4163 834 4230 alterum
855 4165 936 4230 illud
957 4164 998 4230 de
1012 4168 1140 4231 Junone
1161 4189 1201 4230 ex
1223 4189 1295 4232 aere
1316 4189 1383 4232 sus-
1496 4223 1497 4262 ἢ

263 4303 267 4310 .
334 4270 441 4334 pensa,
464 4251 609 4338 appensis
630 4275 670 4318 ex
692 4251 828 4339 pedibus
848 4250 929 4318 binis
950 4252 1058 4316 massis
1078 4275 1118 4318 ex
1140 4253 1234 4332 ferro,
1252 4252 1381 4318 incudes

333 4333 472 4420 appellat
493 4351 597 4424 poeta,
615 4340 652 4408 Ξ.
670 4341 810 4406 18-22.
832 4361 927 4426 quem
942 4337 1070 4426 quidem
1093 4339 1239 4428 mythum
1260 4362 1281 4403 a
1302 4340 1381 4428 phy-

1100 3497 1199 3561 magrs
1219 3474 1386 3573 oonyenire
1499 3477 1500 3551 ζ
