3026 5056
477 391 546 457 AD
572 391 724 459 ILLAD.
747 395 783 458 Ε.
805 391 878 461 656.
1147 399 1191 466 st

143 561 222 662 trion
234 561 357 659 primus
371 558 545 664 curaverat,
560 577 598 631 ut
611 585 651 630 ex
663 565 875 632 Grammatico
888 564 930 631 de
942 567 1050 634 metris
1061 567 1192 636 Pindari

143 649 301 748 discrmus
347 651 454 716 Locus
473 671 507 714 m
529 673 598 716 eam
619 673 686 716 rem
707 651 883 739 praeclarus
902 677 941 718 ex
956 653 1097 720 Arcadio
1114 656 1188 722 MS.

142 750 307 834 apposnus
321 749 369 801 est
382 759 402 800 a
415 735 640 836 Villoisonoad
661 736 779 837 calcem
789 740 875 827 Epp.
892 739 997 806 Vinnr.
1013 765 1032 805 e
1045 741 1119 814 rod,
1129 744 1191 807 Pn-

141 844 209 920 ns..
241 823 355 922 Neque
375 835 480 887 temen
502 847 557 888 seu
577 826 687 924 Aristo
708 825 808 923 haum,
829 848 884 890 seu
898 826 1085 926 Aristerehi,
1100 827 1191 893 disci-

142 906 223 995 puli,
238 921 424 1009 nuctorrtste
442 931 550 974 omnes
568 910 665 997 hujus
702 923 837 975 octnuee
855 925 1080 1012 controversiae
1101 912 1191 979 fuere

142 1006 200 1059 aut
221 1008 409 1083 compositae
432 1007 489 1060 aut
512 995 659 1061 sublatae.
705 997 925 1063 Memorcntur
946 1023 1029 1064 emm
1050 999 1190 1066 diversae

141 1079 383 1147 clarissimorum
403 1081 677 1169 grammaticorum
692 1083 860 1148 sententiae
874 1097 906 1150 et
919 1108 1068 1151 censurae
1082 1085 1206 1154 multis·
1324 1095 1334 1110 ⁴

141 1165 175 1230 in
189 1164 283 1242 locis;
308 1180 376 1234 tum
391 1192 467 1233 vero
485 1167 578 1234 etiam
598 1168 657 1234 scri
731 1169 854 1256 integra
871 1173 931 1258 rupi
950 1172 1114 1259 προσῳδίας,
1134 1195 1189 1238 seu

141 1252 288 1318 universe
303 1275 357 1319 seu
372 1254 413 1319 de
424 1254 595 1320 Homerica
608 1255 629 1320 s'
722 1255 778 1331 ’ως
795 1279 930 1342 querum
944 1281 1106 1324 recensum
1117 1258 1190 1324 vide

141 1361 192 1426 ap.
211 1339 378 1406 Fosterum
392 1364 424 1428 p.
437 1339 501 1406 166
515 1365 583 1429 sqq.
602 1353 635 1406 et
653 1341 694 1406 de
711 1341 769 1420 iis,
802 1341 836 1406 ui
856 1342 890 1408 in
913 1344 1043 1410 Seholiis
1064 1344 1189 1411 Codicis
1244 1383 1247 1389 ·

140 1425 298 1492 Marciani
306 1439 536 1506 memorantur,
550 1427 777 1515 Prolegomeua
815 1427 959 1510 illoisoni,
975 1430 1119 1496 universe
1132 1454 1191 1499 au·

141 1524 207 1576 tem
228 1526 415 1578 memoratos
435 1513 469 1579 in
490 1513 640 1580 Biblioth.
657 1515 715 1580 Gr.
731 1512 876 1580 Fabricio
895 1515 1099 1582 Harlesisnee
1116 1516 1186 1584 vot

144 1600 202 1663 VI.
250 1599 384 1700 suntin
401 1599 451 1666 his
470 1599 635 1700 Tyrqnnio
641 1599 763 1750 punior,
778 1602 838 1686 περὶ
853 1603 1005 1700 Ὁμηρικῆς
1021 1603 1186 1702 προσῳδίας,

140 1699 174 1750 et
192 1684 352 1750 clarissimi
408 1699 563 1753 ammaum
576 1689 641 1752 Pto
670 1709 776 1753 maeus
790 1687 983 1768 Ascalone,
998 1688 1192 1778 Apollomus,

140 1770 311 1860 Dyscolus
327 1785 359 1838 et
398 1773 582 1852 ,erodinnus
601 1779 627 1838 ἓν
649 1778 682 1861 τῇ
702 1772 830 1853 καθόλου,
846 1797 873 1839 s.
889 1776 1020 1862 καθολικῇ
1033 1767 1186 1864 προσφδῐᾴ,

139 1858 221 1924 etin
235 1856 333 1924 altero
346 1859 427 1926 libro
440 1888 474 1947 τῃ
491 1862 603 1947 Ἰλιακῇ
621 1859 761 1949 προσῳδίᾳ
779 1883 871 1948 saepe
888 1859 1026 1942 laudata,
1042 1874 1084 1941 et,
1100 1863 1188 1950 quod

137 1968 179 2010 ex
194 1945 421 2035 subscriptione
436 1945 631 2034 singularum
647 1946 886 2034 rhapsodinrum
903 1946 1017 2014 codicis
1032 1947 1188 2014 Marciani

138 2044 284 2184 qppnret,
298 2031 332 2097 in
348 2033 479 2099 Scholiis
496 2033 616 2120 ubique
633 2033 667 2098 in
685 2031 848 2096 consilium
865 2033 1013 2098 adhibite
1059 2037 1187 2102 Horum

181 2141 337 2207 orumque
358 2119 498 2186 virorum
519 2119 684 2187 doctorum
706 2118 887 2199 subtilitate,
909 2142 991 2205 quae
1012 2142 1096 2186 nunc
1140 2120 1188 2186 ui-

139 2203 226 2284 dem,
248 2218 417 2305 postquam
439 2229 490 2270 res
513 2205 607 2270 semel
627 2204 797 2270 constitute
821 2218 878 2285 est,
902 2204 1009 2271 multis
1033 2201 1067 2272 in
1092 2145 1189 2277 reims

138 2291 232 2357 nobis
246 2291 345 2358 viden
359 2305 466 2382 potest
481 2291 573 2356 nimis
592 2313 715 2357 morosa
732 2301 765 2355 et
782 2290 899 2372 odiose,
915 2293 1061 2358 effectum
1082 2307 1187 2361 temen

134 2389 199 2458 est,
216 2389 253 2442 ut
267 2391 376 2459 certes,
392 2401 472 2467 quas
486 2401 665 2467 sequemur,
680 2391 840 2444 teneamus
853 2377 996 2443 rationes.

147 2529 151 2538 ,
186 2467 319 2529 Summa
327 2464 634 2553 heecrerumeapita
643 2484 800 2552 apponere
810 2463 898 2528 licuit
905 2463 1058 2530 lectorum
1067 2486 1185 2546 caussa,

139 2550 198 2638 qui
212 2550 246 2614 in
259 2549 309 2615 his
318 2550 458 2618 minutiis
472 2551 572 2617 otium
586 2572 767 2616 consumere
780 2573 838 2616 nec
851 2549 963 2616 volunt
979 2573 1037 2616 nee
1050 2550 1185 2627 debent;

139 2635 186 2701 ite
199 2660 245 2725 qu
288 2661 328 2703 ue
342 2650 525 2726 assequetur
538 2636 672 2724 quisque
690 2660 749 2724 pro
768 2659 810 2716 se,
829 2659 887 2702 our
905 2636 938 2702 in
957 2637 1187 2704 commentandi

140 2661 349 2810 generg‘itoc,
369 2748 435 2824 quo
457 2745 614 2812 exponere
630 2722 717 2788 volui
738 2722 889 2812 inprimis,
909 2723 988 2810 quid
1006 2735 1126 2789 veteres
1147 2724 1188 2790 de

141 2809 321 2886 Homericis
338 2810 414 2876 locis
436 2809 586 2876 senserint
604 2831 641 2874 nc
662 2809 856 2888 tradiderint,
871 2809 1016 2897 apposite
1028 2809 1090 2874 sint
1103 2833 1123 2874 a
1136 2832 1187 2874 me

140 2896 244 2962 multa
264 2896 362 2984 hujus
385 2895 518 2984 generis,
540 2894 598 2960 etsi
623 2894 658 2960 in
680 2908 785 2959 nostre
808 2895 942 2960 Homeri
963 2895 1095 2960 lectione
1116 2918 1188 2960 raro

139 2982 223 3048 forte
237 2982 277 3047 de
290 2983 340 3048 his
358 2982 490 3082 argutiis
508 2993 565 3047 aut
578 2993 747 3068 quaeretur
765 2993 821 3044 eut
834 2980 1005 3069 quaerendi
1024 2980 1188 3048 necessitas

139 3068 266 3134 incidet.
307 3069 413 3157 Attigr
427 3081 531 3134 tamen
545 3067 672 3133 consilio
686 3080 718 3131 et
731 3066 1005 3166 rationeinprimis
1017 3066 1086 3132 loca
1099 3090 1188 3154 prae-

140 3155 245 3255 cipue,
261 3155 294 3224 in
309 3155 426 3244 quibus
439 3153 665 3222 controversiae
685 3153 781 3253 irujus
794 3175 927 3240 genens,
942 3153 983 3252 de
996 3166 1127 3253 ecoentu
1141 3153 1188 3218 in-

141 3239 1187 3414 {sss{tszstitttssssffsttdtttffliffi

140 3413 194 3478 eiii
211 3417 338 3500 ἁμαρτῆ,
358 3413 563 3480 Aristarchus
584 3416 707 3500 ἁμαρτῆ,
727 3411 914 3492 scriberent,
938 3411 1045 3478 simil-is
1065 3423 1187 3478 contro-

140 3499 243 3566 versia
256 3499 297 3566 de
312 3506 428 3588 ἁμαρτῆ,
444 3522 541 3587 quam
554 3509 585 3564 ‘v.
601 3497 643 3562 ad
656 3504 695 3562 Φ.
708 3500 780 3563 188.
803 3498 895 3564 Alias
905 3522 934 3563 v.
946 3499 989 3564 ad
1003 3503 1038 3562 B.
1048 3499 1099 3564 15.
1113 3497 1186 3567 765.

141 3586 197 3651 ubi
211 3583 300 3651 nolui
320 3585 464 3651 disertior
481 3608 558 3664 esse,
578 3597 610 3648 et
700 3583 706 3596 '
761 3607 794 3651 se
812 3585 944 3650 offerent
960 3583 1048 3666 aliae,
1064 3608 1094 3650 v.
1106 3606 1132 3650 c.
1147 3589 1184 3651 Ψ.

140 3675 205 3738 328
219 3675 251 3738 τὸ
264 3674 317 3758 μὲν
331 3676 361 3736 οὔ
376 3672 565 3746 ravendinos
580 3606 743 3760 dpiignififfim

648 3797 663 3826 Ι
