2998 5052
341 327 406 396 250
477 363 480 376 ι
576 319 830 396 EXCURSUS
855 327 903 393 11.
933 326 1103 392 SECTIO
1127 321 1155 390 I.

387 709 451 788 Eo,
466 729 544 794 quoe
558 709 597 772 de
609 705 712 772 Iliade
727 703 947 801 historiccfidc
961 705 1077 772 tradita
1091 703 1186 770 videri
1196 714 1333 788 poserem.

541 823 617 904 ἡμεῖς
628 815 659 884 ’δὲ
674 815 822 894 κλέοξοῐον
836 818 971 902 drudam
986 815 1045 906 cdli
1058 843 1087 882 rt
1101 814 1185 900 ἴδμεν.

384 929 473 1012 Dixi,
489 954 613 1012 omnem
631 929 671 995 de
693 930 837 995 Homero
851 928 1064 1018 quaestionem
1083 926 1125 993 ad
1139 927 1275 992 criticam
1296 927 1383 992 histo

340 1021 436 1084 ricem
447 1041 513 1084 esse
527 1016 744 1095 revocandam,
756 1029 788 1082 et
803 1017 828 1082 ri
842 1015 882 1081 de
894 1017 1038 1080 Homero
1052 1015 1183 1166 ejnqque
1198 1013 1383 1078 carminibus

340 1118 521 1193 quaeratur,
536 1104 639 1193 primo
653 1104 722 1170 loco
735 1103 951 1192 quaerendum
966 1125 1042 1182 esse,
1055 1102 1111 1191 qui
1134 1101 1284 1182 namfide
1298 1102 1384 1164 histo-

336 1191 405 1256 rico
427 1191 599 1256 stabilitum
621 1191 680 1267 sit;
704 1213 777 1256 cum
799 1204 905 1256 autem
926 1213 964 1254 ea
982 1189 1108 1255 testium
1130 1188 1194 1253 fide
1208 1200 1241 1252 et
1255 1185 1385 1253 auotori-

341 1289 406 1348 tate
420 1277 549 1358 nitatur,
564 1277 597 1343 in
611 1277 751 1343 medium
771 1291 844 1344 ante
861 1276 967 1342 omnia
984 1276 1042 1341 hos
1061 1299 1127 1341 esse
1170 1273 1383 1349 roducendos3

339 1364 442 1453 primo
456 1364 584 1453 quidem
603 1365 672 1446 loco
690 1365 836 1454 aequales
854 1375 967 1443 aetate,
983 1363 1030 1428 sin
1048 1361 1071 1428 ii
1094 1299 1264 1442 deliierint,
1280 1361 1384 1426 saltem

340 1463 442 1517 aetate
455 1452 623 1541 proximos.
669 1453 828 1518 Neutrum
847 1463 952 1516 tamen
969 1471 1069 1539 genus
1083 1449 1211 1515 testium
1226 1459 1383 1536 ruperest;

338 1561 414 1604 nam
428 1561 511 1627 quae
529 1539 561 1618 in
579 1542 616 1603 fl
672 1561 750 1606 num
771 1539 804 1602 in
819 1537 1002 1626 Apollinem
1023 1535 1139 1602 inserta
1160 1548 1245 1615 sunt,
1261 1533 1329 1601 168
1343 1559 1384 1624 sq.

340 1649 434 1691 nemo
455 1626 495 1692 ab
516 1626 585 1714 ipso
645 1649 751 1690 omero
771 1625 913 1714 profecta
933 1649 999 1690 esse
1020 1623 1153 1698 dixerit3
1178 1647 1217 1688 ex
1233 1622 1386 1688 Chiorum

337 1713 446 1779 studio
461 1713 595 1780 Homeri
610 1728 642 1779 et
655 1712 786 1800 antiqua
798 1711 884 1777 fama
897 1712 995 1778 serius
1009 1712 1105 1777 ducta
1119 1734 1155 1775 ea
1170 1733 1246 1789 esse,
1262 1709 1387 1774 aliunde

341 1799 446 1864 doceri
474 1813 586 1888 potest.
633 1803 927 1866 commemorantur
956 1796 1150 1864 Homeridae
1178 1797 1265 1886 apud
1295 1795 1387 1862 Chios

343 1885 428 1951 fama
442 1887 576 1952 obscura
589 1899 622 1951 et
634 1886 769 1951 incerta:
790 1886 831 1951 de
844 1910 909 1975 qua
921 1910 952 1951 v.
967 1883 1023 1950 inf.
1040 1887 1124 1952 Sect.
1137 1885 1208 1948 III.
1226 1883 1386 1971 Sequitur,

340 1973 429 2060 quod
444 1974 615 2126 Lyffius
636 1973 778 2038 notitiam
800 1973 937 2062 aliquam
952 1969 1196 2038 Homericorum
1215 1970 1388 2036 carminum

344 2061 366 2125 S
457 2082 490 2124 m

342 2170 362 2210 o
385 2167 476 2212 scura
496 2147 648 2212 traditum
668 2160 725 2226 est,
740 2169 799 2212 nec
818 2158 939 2213 constat
958 2169 1023 2234 quo
1044 2157 1171 2211 auctore
1193 2144 1385 2233 antiquiore;

341 2255 416 2298 nam
440 2233 625 2300 Heraclides
650 2232 802 2299 Ponticus
824 2238 850 2298 tr
871 2237 934 2309 ταῖς
956 2231 1120 2308 Πολιτεῐαις
1141 2233 1264 2323 primus
1285 2253 1387 2296 narra
1477 2229 1478 2244 ¹

343 2319 436 2386 tionis
456 2334 567 2386 auctor
588 2319 709 2386 editur:
734 2345 764 2386 v.
783 2320 840 2386 inf.
864 2323 945 2386 Soet.
962 2321 1020 2385 IV.
1045 2319 1127 2385 Inde
1151 2341 1210 2408 per
1235 2331 1388 2384 trecentos

341 2429 439 2472 annos
454 2407 541 2474 nulla
554 2419 640 2474 extat
654 2407 855 2482 memoratio;
876 2407 1018 2496 sequitur
1032 2429 1079 2486 ea,
1095 2429 1177 2506 quae
1191 2405 1232 2471 de
1246 2405 1388 2471 Pisistra-

341 2493 479 2559 tidanrm
494 2508 526 2559 et
542 2493 663 2561 Solonis
677 2495 789 2560 studiis
809 2494 844 2558 in
862 2493 1037 2583 rhapsodiis
1058 2493 1224 2561 recrtandis
1246 2506 1344 2558 extat
1358 2513 1385 2556 v.

341 2579 397 2645 inf.
415 2583 496 2646 Sect
513 2583 584 2647 111.
607 2581 712 2646 omnia
733 2605 772 2646 ex
794 2581 879 2646 fama
899 2603 1012 2670 pamm
1034 2579 1212 2646 constituta.
1258 2578 1389 2646 Putabi-

215 2672 220 2680 “
340 2689 452 2732 musne
466 2667 542 2734 haec
556 2668 673 2734 habere
686 2668 751 2733 vim
765 2668 957 2734 auctoritatis
971 2691 1008 2733 ac
1021 2666 1094 2732 fidei
1109 2666 1274 2733 historicae
1289 2681 1389 2732 certae

341 2767 374 2819 et
395 2753 597 2843 exploratae?
634 2755 724 2820 Nihil
746 2755 881 2843 amplius
903 2779 942 2820 ex
963 2755 1013 2820 his
1034 2767 1165 2834 constat,
1189 2777 1286 2905 quam
1308 2754 1387 2818 inter

342 2841 448 2921 Iones,
463 2853 495 2907 et
509 2843 644 2907 maxime
659 2842 767 2922 Chios,
783 2841 922 2908 extitisse
942 2839 1090 2920 carmina,
1112 2840 1203 2930 singu
1217 2841 1295 2908 atim
1315 2839 1389 2906 reci-

339 2928 399 3004 tari
415 2928 515 3008 solita,
531 2951 667 3018 quorum
682 2928 794 2994 notitia
810 2931 955 3018 Spartam
1009 2927 1089 2993 rlata
1102 2951 1168 2993 esse
1182 2928 1307 3018 potuit3
1330 2939 1389 2992 tre-

340 3015 438 3080 centis
452 3015 541 3080 annis
556 3016 653 3082 serius
665 3015 820 3096 Athenas,
835 3017 953 3105 majore
990 3037 1085 3080 onore
1099 3037 1135 3080 ac
1151 3014 1256 3081 studio
1271 3037 1325 3080 eas
1338 3037 1389 3081 ex-

339 3101 476 3254 ceqisse3
501 3102 579 3168 nihil
593 3103 735 3204 amplius.

294 3203 298 3214 '
404 3204 513 3254 nterea
527 3213 567 3256 ex
586 3190 723 3278 antiquis
743 3189 792 3254 his
814 3189 1008 3280 temporibus
1029 3201 1151 3254 servata
1171 3201 1218 3254 est
1239 3187 1389 3255 memoria

341 3275 514 3340 multorum
537 3280 641 3356 ἀοιδῶν,
656 3276 713 3364 qui
734 3275 872 3342 carmina
892 3299 949 3342 sua
970 3274 1145 3342 docuenmt
1167 3299 1222 3341 seu
1244 3276 1388 3341 decanta-

340 3373 436 3436 runt3
460 3361 493 3426 in
511 3361 586 3451 ipsis
601 3363 778 3430 Homericis
790 3363 814 3429 ii
827 3363 1022 3430 inducuntur
1040 3387 1091 3428 res
1104 3363 1258 3452 Trojanas
1277 3385 1388 3429 caneu-

342 3462 408 3524 tes3
431 3447 477 3513 ita
497 3461 535 3514 ut
556 3462 715 3538 appareat,
733 3451 801 3538 jam
823 3463 893 3516 tum
914 3449 1031 3516 multos
1051 3450 1157 3530 fuisse,
1195 3449 1230 3515 ui
1251 3451 1389 3516 carmina

333 3534 421 3624 epici
443 3536 620 3625 argumenti
642 3537 844 3603 confecissent
865 3537 987 3637 ipsique
1005 3535 1128 3602 'cithara
1148 3473 1198 3602 vel
1221 3537 1291 3626 lyra
1313 3536 1390 3602 acci-

271 3667 275 3676 .
341 3635 446 3702 neme,
460 3622 543 3690 inter
556 3624 665 3713 epulas
682 3636 738 3690 aut
756 3624 790 3690 in
808 3623 973 3690 hommum
994 3636 1096 3704 coetu,
1112 3623 1301 3700 recitarents
1323 3647 1389 3690 car-

333 3709 426 3773 mina
446 3733 484 3774 ea
504 3734 572 3777 com
595 3711 667 3777 lexa
687 3735 753 3777 esse
775 3711 914 3800 singulas
934 3710 1089 3791 historias,
1110 3709 1234 3800 singula
1254 3711 1387 3777 heroum

340 3795 423 3862 facta
436 3735 658 3878 memorahiliu,
674 3798 805 3864 deorum
819 3823 965 3900 quoque3
987 3821 1087 3886 eaque
1100 3797 1197 3864 fuisse
1211 3798 1388 3887 argumenti

340 3884 477 3972 cognati,
489 3897 527 3950 ut
541 3886 580 3952 de
591 3885 717 3974 Ulyssis
731 3885 865 3951 consilns
879 3897 911 3950 et
924 3884 1011 3961 fatis3
1028 3907 1110 3975 quae
1124 3884 1215 3950 facile
1229 3886 1262 3950 in
1273 3909 1388 3974 corpus

340 3985 396 4036 aut
410 3994 593 4062 compagem
607 3971 708 4062 redigi
722 3985 857 4061 possent.

383 4060 408 4122 J
409 4081 460 4123 am
478 4072 583 4125 autem
602 4071 675 4124 ante
694 4072 726 4124 et
743 4072 815 4147 post
832 4056 1100 4123 Pisistratidmum
1120 4072 1152 4123 et
1167 4058 1287 4124 Solonis
1309 4071 1388 4122 tem-

340 4167 419 4232 pora
439 4157 652 4210 memorantur
673 4146 790 4234 plures,
807 4143 873 4232 qui,
894 4156 1017 4232 praeter
1039 4168 1076 4209 ea
1097 4168 1179 4233 quae
1202 4143 1335 4210 Iliadem
1357 4155 1389 4209 et

339 4229 513 4320 Odysseam
528 4231 734 4312 constituunt,
750 4231 811 4331 alia
825 4253 953 4319 quoque
967 4230 1158 4298 carminibus
1172 4231 1386 4310 condiderant,

339 4315 384 4380 ita
399 4330 435 4382 ut
454 4317 560 4407 cyclus
580 4319 694 4406 aliquis
716 4339 889 4384 carminum
904 4330 936 4382 et
949 4318 1128 4385 fabularum
1152 4317 1290 4406 prodiret
1312 4339 1386 4384 cum

575 2061 679 2125 uxisse
700 2061 820 2137 fertur;
844 2083 954 2125 verum
977 2072 1009 2124 et
1028 2058 1089 2125 hoc
1114 2059 1199 2124 fama
1220 2057 1341 2123 incerta
1360 2069 1388 2121 et
1479 2137 1480 2146 ἵ
