2998 5052
310 375 381 441 212.
674 317 926 440 EXClJRSUS
949 372 978 437 Ι.

308 545 448 633 poribus,
461 544 672 632 ,grammatica
694 546 764 635 lege
788 546 876 610 haud
897 542 1044 631 congruis
1062 555 1095 611 et
1120 541 1363 632 consentaneas

307 655 429 711 verum,
445 655 485 696 ex
498 655 563 718 quo
577 655 654 698 usus
673 633 768 696 semel
783 632 968 710 invaluerat,
984 629 1024 696 de
1044 628 1105 694 ista
1123 630 1234 717 utique
1254 626 1355 694 subti-

307 719 384 782 liore
398 719 517 784 ratione
532 718 703 804 cogitatum
726 742 789 784 non
808 733 856 787 est
874 718 907 782 in
927 739 1068 782 sermone
1087 715 1231 782 rudiore:
1255 737 1356 803 quan·

310 804 481 903 doquidem
494 804 563 890 ipsa
577 827 626 868 res
645 818 677 870 et
692 818 740 870 tot
753 805 897 892 exempla
914 803 975 868 alia
991 804 1116 880 docent,
1130 825 1227 889 quam
1264 823 1355 880 arum

311 914 451 957 cunosus
472 889 566 954 fuerit
588 915 688 954 sermo
711 891 861 978 antiquus
879 892 913 956 in
932 904 1109 977 temporum
1132 901 1163 952 et
1188 827 1357 955 modorum

310 974 450 1128 legitimo
466 1001 545 1041 usu:
570 977 638 1064 qua¹
651 978 691 1041 de
709 1000 843 1043 renunc
860 976 938 1043 mihi
951 975 1059 1064 paucis
1076 975 1275 1043 mouendum
1292 997 1357 1040 esse

308 1089 341 1130 vr
364 1089 409 1128 en.

355 1153 435 1229 Quo·
447 1151 546 1238 magis
568 1149 683 1215 scilicet
701 1150 858 1239 expolitus
872 1163 902 1214 et
921 1149 1110 1215 constitutus
1124 1160 1171 1214 est
1192 1171 1295 1213 sermo
1316 1147 1357 1212 ad

309 1237 544 1325 grammaticam
565 1259 718 1317 normam,
741 1262 779 1302 eo
801 1236 943 1302 subtilior
965 1235 1017 1300 ille
1041 1249 1073 1301 et
1096 1235 1231 1300 severior
1254 1249 1302 1300 est
1322 1233 1355 1298 in

309 1339 488 1412 temporum
503 1336 534 1388 et
549 1323 714 1390 modorum
729 1323 906 1398 notatione;
930 1345 1030 1409 eaque
1049 1322 1191 1386 doctrina
1208 1343 1356 1409 magnam

308 1424 430 1499 partem
459 1409 639 1498 regularum
669 1424 835 1500 syntaxeos
860 1409 892 1474 in
920 1410 1043 1474 Graeca
1070 1408 1204 1472 mairime
1233 1408 1355 1496 lingua,

308 1510 378 1565 tum
392 1496 471 1564 etin
492 1499 647 1576 Romana,
662 1496 835 1576 constituit,
851 1499 891 1560 ut'
910 1509 942 1561 et
962 1495 996 1560 in
1008 1494 1135 1558 nimiam
1150 1493 1355 1560 subtilitatem

306 1583 466 1650 interdum
489 1583 637 1672 progredi
651 1583 817 1648 videantur
835 1582 895 1647 viri
916 1581 1012 1661 docti,
1030 1581 1108 1646 dum
1127 1581 1356 1668 metaphysicas

307 1671 442 1735 rationes
464 1670 498 1734 in
516 1693 609 1734 usum
627 1669 717 1758 vulgi
730 1669 878 1734 inferunt.
924 1669 966 1733 In
986 1671 1129 1733 Homero
1147 1668 1180 1733 in
1199 1691 1219 1732 a
1259 1668 1357 1734 rtissi·

307 1780 374 1822 mas
399 1756 538 1844 argutias
559 1756 694 1822 incidere
716 1779 839 1821 necesse
862 1769 919 1835 est,
944 1755 969 1820 si
990 1754 1062 1843 quis
1082 1755 1124 1820 ad
1148 1756 1207 1820 sub
1245 1755 1355 1821 itatem

308 1843 438 1907 similem
463 1843 745 1914 omniaadducere
769 1842 917 1919 voluerit3
940 1841 1048 1929 itaque
1068 1841 1241 1921 itentidem,
1266 1843 1356 1930 quod

306 1928 566 2016 simplicissimum
581 1942 658 2009 erat,
693 1929 939 1994 ronuntiandum
954 1951 1019 1993 esse
1032 1927 1168 1992 vidimus
1182 1950 1240 2016 per
1254 1942 1353 1994 totam

307 2015 451 2095 Iliadem,
467 2016 612 2081 futurum
627 1953 787 2082 indicativi
800 2017 915 2080 habere
929 2015 1060 2080 eandem
1074 2013 1138 2078 vim
1153 2015 1249 2115 quani
1258 2015 1355 2080 aoris-

306 2113 358 2167 tus
377 2102 587 2190 subjunctivi3
611 2103 661 2172 vel
682 2126 747 2168 esse
769 2103 879 2168 eodem
896 2103 975 2181 loco,
990 2125 1056 2189 quo
1072 2100 1178 2166 aoristr
1195 2101 1349 2189 optativi;

306 2188 478 2290 permutari
499 2211 536 2252 ac
556 2189 732 2276 promiscue
753 2189 828 2277 poni
841 2190 987 2254 futurum
1009 2210 1091 2262 cum,
1103 2189 1259 2274 praesenti
1280 2213 1351 2256 con-

299 2274 436 2372 junctivi
450 2287 481 2340 et
494 2274 654 2341 indicativi
668 2289 764 2363 atque
778 2277 874 2364 hujus
888 2274 1112 2341 inconstantiae
1130 2297 1271 2341 caussam
1286 2300 1351 2348 esse

302 2361 454 2426 incuriam
468 2363 688 2450 grammaticae
702 2363 881 2428 subtilitatis
894 2362 928 2427 in
942 2361 1116 2449 antiquiore
1131 2385 1284 2443 sermone,
1299 2387 1352 2427 ne-

302 2471 365 2600 ἔμε
383 2449 425 2514 ad
448 2449 624 2515 subtiliores
637 2449 772 2536 rationes
789 2472 854 2514 esse
872 2448 1149 2536 confugiendum·
1161 2447 1313 2529 sufficere,
1326 2449 1351 2518 si

327 2534 436 2601 'xerisz
454 2536 633 2607 ,Homerica
643 2549 755 2615 aetate,
770 2559 827 2600 nec
841 2535 1007 2600 modorum
1022 2556 1079 2598 nec
1092 2547 1271 2621 temporum
1287 2549 1350 2601 tam
1363 2607 1365 2612 ,

304 2643 442 2684 severam
457 2645 492 2686 ac
506 2622 639 2709 rigidam
653 2622 755 2710 legem
769 2636 801 2687 et
819 2621 1065 2686 observationem
1080 2620 1175 2686 fuisse
1192 2645 1292 2709 quam
1307 2647 1352 2688 se-

303 2705 423 2772 riorum
437 2721 623 2806 temporum.
842 2706 848 2721 '

345 2794 525 2881 Apparebit
546 2794 633 2880 quod
657 2793 766 2874 sentio,
789 2818 829 2859 ex
850 2794 925 2862 locis
946 2793 1114 2874 nonnullis,
1129 2817 1212 2882 quae
1233 2795 1366 2862 iterum·

302 2903 475 2968 apponam:
494 2888 536 2956 A.
564 2883 637 2946 142.
659 2881 689 2944 3.
706 2884 736 2945 4.
753 2888 797 2946 νῦν
819 2884 840 2945 δ’
859 2879 926 2966 ἆγε,
953 2887 1002 2958 νῆα
1025 2880 1160 2964 μέλαιναν
1185 2883 1347 2968 ἐρύσσομεν,

302 2970 362 3042 ist
378 2967 472 3054 ἐρέτας
486 2967 644 3056 ἀγείρομεν,
661 2969 687 3042 ἔς
703 2969 724 3029 δ’
739 2967 897 3050 ἑκατόμβην
912 2967 1025 3049 θείομεν,
1040 2973 1074 3032 ἂν
1089 2969 1204 3048 δἀὖπήν
1214 2971 1355 3050 βήσομεν.-

303 3055 338 3129 als
352 3056 381 3118 δὲ
397 3053 477 3120 ἔσται.
493 3065 526 3119 et
538 3053 646 3141 paullo
660 3065 732 3126 ante
747 3077 792 3118 vs.
808 3056 883 3122 137.
899 3056 929 3117 8.
946 3052 1003 3138 lyci
1021 3054 1048 3116 δέ
1069 3079 1114 3118 κεν
1128 3056 1211 3130 αὐτὸς
1226 3054 1347 3139 ἕλωμαι,

300 3139 317 3218 ’ή
332 3139 400 3218 ἄξοι.
417 3143 470 3226 ὅδὲ
486 3140 691 3228 κεχολώσεται.
708 3140 773 3204 184
786 3143 833 3222 τήν
847 3141 899 3223 μὲν
915 3139 973 3226 ἐγὼ
988 3141 1103 3223 πέμψον,
1119 3139 1176 3225 ἐγὼ
1187 3140 1214 3204 δέ
1228 3144 1255 3205 κ’
1272 3143 1346 3230 ἄγοι.

300 3231 342 3290 Η.
359 3229 531 3292 aaa—340
553 3228 631 3291 αὐτοὶ
654 3227 685 3290 δ’
702 3226 849 3334 ἀγρόμενοι
876 3227 1050 3309 κυκλήσομεν
1072 3226 1161 3306 ἐνθάδε
1184 3229 1350 3316 νεκροὺς,-

299 3316 373 3398 ἀπᾶρ
388 3313 714 3401 κατακήομεμώμβον
728 3314 756 3376 le
776 3309 1352 3399 χεὀμιν-δεήμομεν-ποιήσομον-ὀριή-,

299 3401 390 3480 ξομεν.
402 3399 474 3462 eod.
495 3399 551 3464 lib.
571 3398 633 3464 361
660 3401 731 3475 eisd
751 3397 795 3462 ὅτε
810 3397 1006 3482 ἐπείγετον-ὁ
1026 3397 1054 3462 δέ
1074 3425 1106 3462 πε
1127 3399 1253 3486 προθέῃσι
1268 3401 1348 3467 nillil

299 3495 356 3563 est,
373 3484 461 3571 quod
474 3509 532 3554 nos
545 3499 638 3572 cogat
652 3497 798 3564 statuere,
814 3507 880 3548 esse
893 3484 982 3573 prius
997 3485 1134 3582 positum
1155 3507 1214 3584 pro
1230 3489 1345 3574 ἑπεΙγή-

213 3617 215 3624 .
295 3596 350 3633 τον.
368 3571 486 3650 sed,-ut
495 3572 529 3637 in
543 3572 652 3636 ceteris
666 3571 827 3658 exemplis,
843 3593 883 3634 ex
897 3594 958 3638 usu
972 3592 1076 3634 nunus
1090 3571 1197 3636 subtili
1210 3572 1345 3640 istorum

295 3654 459 3722 hominum
476 3672 640 3746 ponuntur
662 3671 795 3744 uterque
816 3656 929 3722 modus
946 3657 1130 3748 promiscue.
1175 3663 1214 3722 K.
1238 3663 1348 3732 44921

294 3744 345 3825 μέν
360 3744 420 3831 γάρ
440 3772 472 3809 aa
495 3771 528 3809 σε
548 3751 592 3808 νῦν
612 3745 790 3826 ἀπολύσομεν
812 3745 841 3822 ήὲ
866 3745 1035 3826 μεθῶμειρθῐ
1060 3743 1104 3808 sic
1123 3749 1286 3822 sexcenta3
1311 3747 1344 3812 in

295 3829 396 3902 Iliade
411 3843 443 3894 et
457 3831 617 3941 Odyssea:
637 3835 729 3895 'uta
738 3832 786 3894 '41
804 3829 897 3893 ὁππότ’
912 3827 946 3892 riv
958 3830 1045 3917 ἡβήσῃ
1060 3857 1091 3894 τε
1103 3832 1153 3894 καὶ
1164 3830 1194 3910 ἧς
1208 3833 1343 3920 ἱμείρεται

292 3915 361 3994 αἴης.
400 3923 424 3980 Ι.
441 3915 484 3986 16
498 3937 568 4004 ορροι
583 3918 631 3982 καὶ
647 3921 723 4000 ὑμεῖς
735 3915 830 3994 εἴδετε,
848 3913 906 4001 tyci
920 3917 941 3980 δ’
955 3913 990 3980 ἂν
1005 3915 1100 3980 ἔπειτα
1114 3921 1177 4000 ὑμῖν
1197 3921 1283 3996 ξεῖνος
1298 3920 1348 3986 ἔοι.

295 4009 331 4066 Δ.
350 4002 415 4072 670
430 4003 489 4067 δότε
504 4031 550 4087 μοι
567 4002 730 4090 νήνι-ὄφρα
743 4030 791 4085 μιν
800 4002 882 4066 αὐτὸν
898 4003 972 4066 ἰόντα
984 4003 1148 4088 λοχήσομαι
1159 4005 1202 4082 lli
1214 4006 1340 4087 φυλάξον.

293 4089 368 4162 Non
397 4090 518 4178 ignoro,
542 4089 673 4165 subtiles
692 4103 724 4154 et
745 4100 873 4176 argutas
894 4087 1029 4154 rationes
1051 4113 1128 4154 exco
1151 4091 1243 4156 'tatas
1263 4115 1341 4172 esse,

315 4175 408 4240 uibus
422 4176 591 4241 doceatur:
615 4177 714 4260 inesse
725 4175 862 4262 aliquam
868 4175 1026 4239 -rationem
1040 4174 1122 4260 inter
1147 4189 1281 4242 uturum
1295 4179 1342 4243 in·

291 4198 417 4328 dicativi
432 4275 464 4326 et
477 4263 637 4342 aoristum,
653 4261 826 4349 referrique
845 4262 922 4326 haec
934 4261 1024 4336 ‚inter
1042 4261 1273 4329 observationes
1285 4288 1339 4328 ex-

291 4346 459 4433 quisitioris
481 4349 647 4438 doctrinas.
693 4350 843 4442 Habeant
860 4348 937 4414 haec
960 4371 992 4414 se
1010 4349 1054 4412 ita
1077 4349 1109 4413 in
1132 4371 1193 4415 usu
1216 4351 1339 4416 Attico·
