3026 5056
450 361 517 428 AD
541 363 691 429 ILIAD.
714 367 751 428 A.
774 365 826 428 55.
847 363 898 440 56.
1173 367 1194 431 5

144 535 180 599 Σ.
196 533 379 602 356-368.
402 537 490 624 quod
511 537 621 616 abiis,
666 536 699 600 ui
721 559 875 602 summam
898 535 1008 602 Iliadis
1028 535 1196 603 constituess

143 635 230 702 runt,
248 622 402 687 insertum
422 647 499 703 esse,
514 623 630 712 legenti
643 561 742 689 lacile
763 624 903 688 obvium.
914 638 969 689 est.
1014 621 1089 690 Non
1110 625 1194 690 enim

143 709 249 774 omnia
262 708 401 797 episodia
415 711 457 775 ab
470 711 579 776 eadem
594 733 690 776 manu
703 710 854 798 profecta,
870 711 925 776 sed
939 711 1000 776 alia
1013 711 1197 800 antiquiori-

144 795 204 861 bus
225 796 393 876 aetatibus,
417 797 479 862 alia
501 798 598 862 serius
619 797 802 886 interposita
822 820 888 863 esse
909 797 1078 874 videntur;
1102 814 1141 863 ut
1161 799 1195 868 in

144 883 265 962 eodem,
281 882 377 948 modo
390 883 531 963 laudato,
546 896 578 948 et
595 883 628 947 in
646 883 725 963 aliis,
739 884 773 948 in
794 883 911 971 quibus
931 884 1046 974 aliquia
1066 909 1194 974 operam

145 969 243 1049 dedit,
259 983 296 1034 ut
310 969 434 1038 diversa
447 972 584 1036 carmina
600 971 729 1036 interae
743 983 959 1069 coagmentata
979 985 1089 1037 essent.
1135 974 1196 1036 Ve-

145 1079 223 1140 rum,
231 1057 272 1121 de
286 1057 336 1121 his
349 1069 383 1122 et
396 1058 438 1122 ad
452 1058 472 1121 l.
488 1057 508 1121 l.
524 1057 602 1124 etin
616 1057 684 1122 aliis
697 1057 773 1123 locis
792 1059 922 1145 singidis
943 1072 989 1124 est
1011 1057 1192 1124 videndum.

145 1145 331 1230 Antequam
348 1141 437 1208 'enim
459 1145 499 1209 de
520 1144 651 1233 singulis
672 1144 746 1210 satis
766 1157 896 1223 constet,
920 1147 1064 1211 universe
1085 1146 1125 1210 de
1146 1146 1196 1209 his

145 1229 316 1318 disputare,
332 1231 489 1298 lubricum
503 1245 550 1300 est
564 1245 597 1298 et
609 1255 723 1320 parurn
738 1232 944 1296 fructuosum.

482 1359 912 1484 nxouasusrr'

535 1532 588 1596 Ad
601 1537 639 1595 A.
655 1535 707 1597 55.
723 1543 755 1595 et
768 1529 807 1594 al.

527 1651 573 1705 θεὰ
586 1648 729 1714 λενκόλεννς
737 1647 811 1725 Ἥρη.

189 1759 300 1825 Dubia
313 1784 363 1824 res
377 1782 443 1824 esse
457 1759 593 1840 videtur,
609 1759 745 1824 fueritne
759 1767 820 1844 Έηρη
835 1783 876 1825 an
891 1768 949 1847 ᾑρη,
965 1783 1005 1824 an
1025 1771 1132 1822 utrum
1157 1779 1197 1822 ue

147 1872 206 1912 usu
222 1847 386 1920 habitum;
410 1845 470 1911 hoc
484 1846 632 1912 ultimum
647 1847 729 1911 forte
746 1847 1031 1935 expeditissimum:
1056 1781 1198 1933 quando-

146 1934 275 2021 quidem
293 1933 326 1997 in
349 1935 491 1998 Homero
512 1934 607 1999 modo
628 1935 689 1999 hoc
709 1933 804 1998 modo
825 1933 905 1998 illud
925 1934 1069 1999 occurrit.
1115 1934 1197 1996 Sane

148 2047 244 2085 ποτννα
266 2029 327 2107 Ὲηρη
351 2044 443 2108 saepe
464 2020 598 2109 legitur3
622 2034 655 2087 et
674 2020 738 2085 fuit
759 2045 796 2084 ea
816 2021 904 2085 haud
925 2020 1021 2085 dubie
1039 2018 1198 2105 antiquior

145 2107 372 2196 pronuntiatio,
386 2131 484 2194 quam
498 2108 633 2174 Aeolum
647 2107 749 2172 dicere
763 2107 880 2172 solent:
904 2131 961 2172 nec
974 2106 1079 2171 minus
1092 2118 1199 2170 tamen

146 2191 316 2269 manutenes
331 2196 415 2280 Ἡρη,
425 2194 607 2283 χρυσόθρονος
619 2196 704 2280 Ἡρη,
720 2207 752 2258 et
763 2193 882 2259 similia.
906 2194 976 2259 Nisi
989 2194 1097 2280 itaque
1110 2191 1199 2279 quod

145 2280 238 2346 tertio
252 2277 322 2344 loco
340 2281 432 2368 posui
450 2281 621 2361 admiseris,
637 2281 839 2346 statuendum
858 2294 905 2349 est
925 2280 1071 2359 alterum,
1085 2279 1164 2356 loca,
1180 2301 1200 2340 a

146 2363 265 2454 quibus
286 2366 445 2455 digamma
465 2367 584 2448 exulat,
599 2391 664 2433 esse
685 2381 742 2433 aut
763 2368 884 2433 serioris
905 2366 1066 2433 commatis
1083 2377 1139 2429 aut
1153 2363 1199 2427 in-

146 2453 303 2544 terpolata
326 2455 368 2519 ab
392 2479 436 2520 eo·
454 2455 511 2542 qui
534 2472 682 2544 corrupta
703 2467 831 2544 putaret
854 2478 893 2520 ea
912 2466 1042 2543 propter
1066 2451 1197 2516 hiatum.

150 2543 233 2605 Sunt
257 2552 364 2606 autem
386 2541 538 2608 nonnulla
561 2543 640 2622 loca,
663 2555 772 2608 oontra
793 2541 953 2630 digamma
973 2538 1144 2629 peccantia,
1166 2537 1197 2601 in

148 2628 266 2714 quibus
289 2628 412 2694 diversa
432 2629 524 2694 lectio
544 2630 577 2694 in
599 2630 689 2695 codd.
708 2629 938 2716 antiquioribus
960 2626 1132 2716 reperitur3
1157 2624 1201 2688 sic

150 2714 189 2806 Il.
206 2722 244 2780 Α.
260 2719 335 2784 572.
359 2716 456 2804 ἐπίηρα
478 2717 563 2806 φέρων
584 2718 745 2804 λευκωλένῳ
760 2716 838 2806 Ἥρῃ
853 2715 1012 2804 antiquior
1026 2711 1117 2778 lectio
1138 2710 1201 2775 fuit
1298 2796 1306 2802 -

148 2801 290 2889 vassas,
313 2800 388 2890 ἦτορ.
409 2807 449 2868 Ο.
470 2806 525 2874 92.
548 2804 715 2879 λευκώλενος
734 2801 812 2891 Ἥρη
839 2803 998 2891 antiquior
1018 2799 1110 2864 lectio
1134 2812 1202 2895 erat

149 2891 253 2966 βοῶπις
266 2887 467 2977 πότνναἭςη.
500 2891 612 2954 Potuit
632 2890 692 2954 hoc
713 2889 798 2953 idem
818 2889 918 2953 videri
939 2889 1059 2952 factum
1080 2907 1146 2947 esse
1167 2905 1200 2948 nr

149 2973 227 3054 aliis,
243 2986 281 3039 ut
296 2980 333 3038 Δ.
349 2977 399 3038 20.
416 2979 454 3039 Ο.
469 2979 499 3041 5.
517 2978 568 3040 14.
599 2975 672 3040 Etsi
685 2975 801 3040 iterum
815 2974 884 3039 loca
898 2986 973 3039 sunt
986 2982 1094 3060 aperte
1107 2969 1203 3034 inter..

151 3061 267 3150 polata,
280 3061 313 3123 in
328 3059 444 3148 quibus
458 3062 590 3162 antiqua
602 3061 683 3127 ratio
697 3074 820 3129 servata
833 3073 891 3141 est,
906 3087 935 3126 v.
947 3085 973 3126 c.
984 3067 1021 3128 Σ.
1037 3059 1110 3126 357.
1126 3055 1200 3155 369.

151 3160 182 3212 et
197 3160 303 3213 tamen
318 3147 383 3213 356
397 3149 556 3237 praeoedrt
571 3149 640 3224 Ζεὺς
653 3151 674 3212 δ’
682 3145 695 3175 ‘'
729 3175 788 3237 ρην.
818 3149 902 3215 Tam
917 3149 1072 3214 lubncum
1086 3155 1134 3210 est
1147 3143 1202 3209 alr-

151 3233 229 3322 quid
244 3247 448 3323 pronuntrare
462 3235 495 3300 in
511 3234 696 3301 Homericis.

431 3371 434 3378 ⁴
474 3414 880 3488 axouasusrn.

588 3536 764 3603 aaran

523 3647 556 3706 αἵ
564 3649 606 3710 κέν
618 3651 838 3722 πως-βούλεται.

196 3767 236 3826 Α.
255 3761 309 3828 66.
333 3755 366 3825 al
385 3761 431 3827 κέν
451 3789 509 3838 πως
531 3766 619 3852 ἀρνῶν
641 3763 755 3840 ualeam
776 3766 865 3845 αἰγῶν
886 3785 918 3824 τε
939 3758 1050 3824 τελείων
1072 3757 1205 3840 βούλεται

153 3848 292 3924 ἀντιάσας
312 3853 375 3929 ἡμῖν
397 3850 452 3912 ἀπὸ
469 3850 567 3935 λοιγὸν
589 3855 704 3934 ἀμῦναι.
726 3848 768 3912 ad
783 3845 936 3946 Tragicos
957 3845 1076 3911 multae
1097 3857 1206 3909 extant

153 3934 295 4000 virorum
311 3934 475 4000 doctorum
489 3934 720 4002 observationes
734 3935 776 4000 de
788 3933 1014 4022 particularum
1028 3934 1061 3998 in
1075 3931 1112 3995 iis
1127 3953 1203 4005 usu;

154 4045 238 4108 quae
252 4036 359 4086 tamen
372 4021 405 4085 in
422 4023 599 4088 Homericis
613 4045 676 4087 non
691 4045 812 4109 semper
826 4021 931 4090 locum
945 4021 1080 4091 habent;
1104 4039 1207 4102 neque

152 4108 283 4192 omnino
307 4108 341 4172 in
367 4108 509 4174 doctrina
534 4110 575 4174 de
598 4108 759 4198 particulis
781 4106 861 4173 ratio
884 4105 1017 4172 Homeri
1042 4101 1208 4189 singularis

151 4193 262 4282 aliqua
275 4194 396 4282 ubique
410 4194 518 4260 habita
532 4209 586 4261 est.
619 4198 703 4261 Cum
718 4209 824 4259 autem
838 4193 1010 4282 particulae
1023 4191 1057 4254 in
1071 4188 1209 4254 doctiore

153 4280 264 4346 studio
289 4281 480 4382 singularem
505 4306 612 4348 curam
639 4281 698 4347 sibi
722 4281 891 4359 vindicent,
917 4300 1044 4366 operam
1066 4276 1210 4364 quamvis

153 4367 321 4435 molestam
335 4391 368 4433 m
383 4368 433 4434 his
446 4367 629 4458 diligentius
642 4366 842 4520 explprandis
855 4366 1000 4456 refugere
1014 4387 1077 4431 non
1091 4362 1171 4430 lieet.
1242 4432 1245 4436 ,

678 4477 696 4519 a
