3026 5056
470 389 540 454 AD
562 387 711 456 ILIAD.
734 393 769 454 B.
793 389 865 460 us.
1150 393 1193 456 28
1230 327 1240 348 ¹

149 557 322 634 rationem
346 557 454 647 paucis
467 558 500 625 in
513 559 589 626 locis
601 571 685 628 mete
699 572 737 628 ut
750 564 785 626 R
800 559 863 632 671
884 560 899 588 ¹
923 587 936 624 a
948 561 1035 649 τρεῖς,
1047 579 1110 626 non
1123 559 1194 647 ἄγει

148 667 216 709 esse
229 643 441 727 scribendum,
456 658 489 712 et
509 646 574 716 756
587 645 659 736 ἦρχε
672 653 706 712 Π
750 673 804 728 aas,
817 670 882 713 non
911 672 981 736 ρχεν
994 645 1109 711 scilieet
1121 659 1194 712 ante

149 729 310 818 duplicem
330 753 506 797 consonam.
550 735 666 822 Neque
716 733 775 820 'ter
794 755 861 800 rem
883 756 916 800 se
935 733 1051 799 habere
1072 731 1137 797 vidi
1161 733 1195 798 in

142 815 370 904 grammaticis,
385 819 470 884 utin
484 818 604 885 Lexico
617 818 788 909 Apollonii.

192 903 279 1000 (jum
292 902 499 1004 nequeinhis
509 905 655 994 nequein
665 905 875 1006 grammaticis
885 905 1046 972 ullacerta
1055 903 1133 970 fides
1143 903 1194 984 sit,

149 1000 283 1054 varietas
301 1002 334 1055 et
353 991 559 1058 mconstantia
576 1015 654 1058 usus
674 1014 707 1057 m
728 994 870 1060 Homero
890 1016 942 1058 me
963 989 1137 1070 admonuit,
1158 1003 1196 1054 ut

150 1074 276 1174 regulas
294 1075 573 1176 circumspicerem,
573 1101 616 1229 ¹1q
639 1078 710 1145 ’bus
729 1100 781 1144 me
801 1078 906 1170 ipsum
926 1099 1066 1168 regerem
1086 1075 1121 1141 in
1141 1076 1197 1174 ad-

150 1162 305 1227 mittendo
318 1162 369 1228 vel
383 1163 556 1230 omrttendo
575 1163 582 1178 '
607 1187 629 1228 o
640 1169 707 1240 Nus
729 1187 794 1230 non
808 1165 899 1253 quasi
917 1189 984 1231 rem
1002 1163 1103 1252 ipsam
1123 1173 1197 1226 saus

207 1269 290 1327 vem,
306 1247 346 1314 de
360 1271 426 1337 qua
439 1261 652 1337 quaereretur,
667 1271 733 1316 esse
744 1251 947 1340 judicassem,
960 1249 1026 1330 sad,
1065 1248 1117 1312 uia
1130 1269 1197 1312 mo-

210 1355 266 1398 um
280 1334 375 1400 estin
388 1335 474 1404 omni
487 1359 532 1416 re,
547 1348 670 1402 certum
687 1358 794 1403 rerum
808 1337 965 1427 judicium
980 1336 1005 1402 si
1019 1334 1052 1399 vi
1074 1357 1126 1400 eas
1139 1333 1197 1398 tibi

151 1419 241 1484 baud
253 1421 370 1487 adesse.
502 1421 506 1430 ’

195 1505 306 1572 Primo
319 1507 427 1596 itaque
445 1508 513 1575 loco
532 1511 573 1576 de
591 1511 721 1577 diversis
733 1518 783 1576 τοῦ
797 1516 844 1578 Nu
858 1511 968 1578 usibus
982 1507 1198 1609 quaerendum

151 1615 218 1659 csse
237 1591 315 1671 vidi,
335 1607 367 1660 et
387 1607 457 1660 tum
475 1595 604 1661 demum
623 1596 770 1662 constitui
787 1619 890 1686 posse,
904 1596 984 1685 quid
1001 1617 1035 1659 m
1055 1595 1198 1658 Homero

152 1678 349 1766 sequendum
370 1681 417 1746 sit
464 1682 690 1771 Interponendi
710 1695 818 1749 autem
838 1690 887 1748 τοῦ
908 1689 955 1748 Νῡ
976 1679 1111 1746 rationes
1133 1700 1199 1760 esse

152 1778 286 1864 possimt
298 1766 422 1855 plures:
444 1767 558 1855 primo,
574 1782 612 1834 ut
626 1768 761 1834 evitetur
774 1769 890 1849 hiatus,
905 1780 977 1834 ante
992 1765 1130 1833 vocalem
1144 1786 1199 1828 seu

153 1873 187 1914 ιιι
200 1851 305 1917 medlo
318 1875 429 1919 versu:
452 1865 501 1934 nt,
516 1855 573 1934 τόξ’
592 1853 706 1938 ὤμοισιν
728 1855 814 1942 ἔχων,
829 1879 884 1921 seu
897 1855 931 1919 in
947 1855 1010 1919 fine
1023 1874 1132 1918 versus
1146 1873 1201 1914 vo-
1284 1865 1286 1870 '
1369 1851 1373 1860 '

155 1935 215 2001 mli
229 1950 378 2024 sequente
398 1938 431 2004 in
451 1939 579 2004 alterius
592 1963 702 2006 versus
719 1941 840 2029 capite;
864 1955 902 2006 ut
920 1939 976 2005 9οι
990 1939 1201 2026 προΐαψεν-ἡ-

157 2021 242 2107 ρώων.
265 2037 335 2088 tum
353 2047 439 2104 vero,
458 2025 500 2090 ed
521 2025 672 2114 syllabam
693 2027 831 2108 brevem,
846 2027 880 2092 in
895 2053 907 2090 a
921 2024 972 2091 vel
992 2051 1001 2088 ι
1021 2039 1200 2103 exeuntem,

156 2109 403 2195 producendam,
417 2111 571 2199 positione
589 2112 693 2178 illata:
717 2111 831 2178 illrum
850 2115 872 2177 δ’
887 2118 900 2178 l
917 2111 1017 2199 γέρων.
1040 2123 1073 2176 et
1087 2115 1203 2192 στήθεσ-

157 2219 204 2258 σιι
218 2197 355 2262 λασίοισι.
401 2198 506 2286 quue
520 2198 587 2264 fieri
600 2210 705 2286 potest
717 2211 774 2264 aut
793 2199 828 2263 in
846 2221 984 2279 caesana,
999 2213 1038 2264 ut
1051 2197 1084 2262 in
1098 2221 1203 2264 exem-

156 2279 218 2368 plis
230 2281 352 2364 iisdem,
367 2284 456 2371 quod
473 2307 558 2350 nunc
574 2284 620 2350 ita
640 2297 762 2373 regnat,
783 2297 822 2351 ut
839 2283 933 2350 etiam
952 2285 986 2349 in
999 2284 1076 2350 vitio
1089 2284 1204 2350 habea-

157 2379 224 2447 tur,
239 2367 265 2433 si
278 2373 325 2432 Νῢ
338 2369 372 2434 in
386 2369 538 2436 similibus
555 2371 631 2436 locis
649 2384 706 2436 aut
724 2370 874 2436 exciderit
891 2383 948 2436 aut
962 2371 1132 2458 defuerit²,
1147 2381 1204 2436 aut

161 2466 252 2520 extra
268 2477 428 2542 caesuram
445 2471 477 2522 et
495 2457 528 2522 in
546 2456 644 2522 thesi:
668 2468 705 2522 ut
720 2461 756 2521 Α.
773 2459 838 2524 ¹150
849 2460 937 2520 τοῖσιν
952 2458 980 2520 δὲ
995 2457 1116 2545 Χρύσης.
1140 2459 1204 2526 459

158 2543 257 2604 Τοῖσιι
271 2543 293 2602 d
307 2541 416 2626 ἴκμενον
431 2542 550 2630 cipar—
563 2548 601 2606 Δ.
617 2545 678 2609 181
695 2544 745 2607 σὺν
759 2542 876 2630 κείνῃσιι
890 2541 1017 2620 qualib.
1086 2550 1092 2558 ’
1203 2572 1207 2580 ·

205 2627 350 2693 Occurrit
363 2629 493 2716 quidem
512 2642 544 2695 et
562 2628 642 2694 alius
663 2651 739 2694 usus
752 2635 801 2692 τοῦ
815 2634 861 2693 Nu
875 2640 993 2694 extrss
1014 2627 1115 2694 llabae
1133 2652 1205 2729 pro-

159 2711 322 2778 ducendae
335 2715 559 2796 necessitatem,
571 2727 603 2779 et
616 2714 650 2778 in
663 2714 749 2794 locis,
760 2715 794 2778 in
808 2713 924 2802 quibus
938 2651 1058 2803 sylliba
1071 2738 1129 2779 sua
1137 2737 1206 2802 jam

159 2809 275 2864 natura
293 2799 449 2888 producta
469 2814 537 2877 θεῖς
561 2814 610 2881 ut,
629 2823 702 2868 cum
724 2799 889 2866 scribitur:
913 2801 993 2882 φαίης
1013 2826 1059 2864 κεν
1078 2800 1205 2880 {vicoras

160 2886 246 2966 Aut,
258 2885 347 2972 quod
361 2909 453 2974 saepe
473 2888 510 2952 fit
528 2886 562 2951 in
575 2909 684 2951 versus
697 2886 777 2950 fine:
801 2885 883 2971 ἄλγε’
899 2884 988 2962 ἔθηκεν
1001 2889 1124 2972 Πολλὰς
1139 2887 1207 2946 8-

161 2970 267 3058 Atqui
280 2969 392 3036 ultima
400 2973 468 3061 jam
482 2995 540 3062 per
553 2995 586 3037 se
599 2994 659 3058 pro
672 2970 767 3058 longa
780 2970 922 3035 habetur.
963 2971 1063 3033 Hunc
1077 2969 1207 3056 quidem

161 3080 257 3208 panae?
265 3079 398 3148 prorsus
412 3081 479 3208 ess}
491 3057 695 3156 rejiciepdum
712 3056 746 3120 in
760 3058 870 3142 aperto
883 3070 938 3122 est.
984 3056 1207 3136 Quaerendum

206 3155 708 3320 Uteslildairilldipoiractiffnlsriatus
735 3230 865 3296 cavendi
893 3252 1011 3310 caussa,
1036 3229 1210 3322 justissima

164 3314 308 3381 omnium
323 3315 449 3382 videtur
467 3341 536 3384 esse
555 3316 644 3382 ratio»
689 3315 776 3398 Quid
796 3316 879 3382 enirn
900 3317 1030 3383 auribus
1050 3316 1214 3382 molestius

165 3425 232 3502 pase
245 3413 361 3490 potest,
377 3427 473 3491 quam
492 3404 586 3470 binae
603 3401 725 3468 vocales
746 3402 933 3501 excipientes
955 3425 987 3468 se
1008 3401 1096 3471 nulla
1116 3402 1211 3468 inter-

178 3500 248 3587 acta
261 3494 415 3554 consona!
454 3490 472 3554 1
528 3515 581 3569 ue,
602 3500 641 3554 ut
658 3501 777 3554 ceterae
797 3487 934 3588 linguae,
954 3511 1067 3588 graeca
1083 3511 1212 3588 quoque

160 3512 277 3661 lingua
296 3596 361 3639 non
379 3598 445 3640 nno
465 3598 499 3640 m
541 3601 561 3641 o
580 3574 710 3640 auribus
728 3574 873 3654 oonarht,
887 3574 1030 3663 inprimis
1043 3597 1101 3666 per
1114 3574 1213 3640 el1s10-

167 3683 235 3741 nes,
258 3671 328 3726 tum
387 3685 405 3725 r
424 3666 471 3726 Νῡ
490 3662 555 3727 inte
584 3674 696 3727 ectum.
743 3662 827 3725 Cum
843 3659 960 3725 Ionum
979 3683 1070 3726 aures
1092 3673 1213 3727 constet

165 3745 265 3844 luisse
286 3683 490 3828 molliiaimas,
505 3771 564 3837 pro
603 3747 666 3813 bile
680 3747 727 3824 fit,
739 3769 792 3814 eos
802 3746 843 3811 ab
852 3745 961 3846 priscis
975 3747 1048 3812 inde
1057 3747 1213 3813 aetatibus

164 3844 297 3898 inventa
309 3832 370 3898 hoc
384 3857 458 3899 usos
470 3857 545 3900 esse.
575 3832 680 3922 Atqui
695 3832 869 3898 Herodoter
882 3831 954 3897 bbri
968 3845 1000 3898 et
1011 3833 1058 3898 Hi
1081 3832 1216 3922 pocratis

164 3917 293 4000 docent,
308 3916 397 4008 quod
410 3919 464 3985 vix
477 3931 632 4009 expectes,
646 3917 726 3985 illud
739 3923 786 3984 Ns
799 3918 927 3984 omnino
940 3919 981 3986 ab
994 3918 1032 3984 iis
1045 3857 1195 3986 abesset.

202 4066 214 4090 ⁸
230 4057 262 4105 V.
272 4073 294 4106 c.
304 4056 358 4120 ejus
369 4057 465 4121 generis
480 4058 535 4106 loca
552 4055 673 4106 multain
712 4063 742 4105 Δ.
759 4055 800 4106 66.
821 4063 845 4104 Β.
863 4055 919 4105 786.
941 4059 970 4105 Δ.
986 4053 1026 4106 97.
1042 4054 1099 4104 270.
1115 4053 1172 4100 289.
1188 4057 1215 4102 Ε.

168 4121 286 4183 Orphicis
300 4123 402 4186 corrigit
416 4123 535 4172 Schrader
544 4121 571 4170 in
582 4124 673 4171 Emon-
714 4120 771 4170 870.
784 4121 841 4171 887.
854 4121 912 4170 510.
930 4127 956 4168 Ζ.
970 4120 1024 4168 143.
1045 4125 1071 4165 u.
1087 4118 1144 4166 259.
1157 4115 1215 4166 347.

168 4189 222 4236 dat.
232 4187 309 4250 praef.
321 4187 416 4236 Barnea
426 4202 484 4237 varo
494 4187 568 4237 etiam
584 4186 674 4250 gloria·
716 4192 747 4232 Θ.
757 4187 815 4234 433.
832 4193 851 4234 1.
866 4185 923 4234 598.
941 4192 969 4232 Κ.
980 4182 1035 4232 170.
1047 4182 1104 4230 518.
1120 4187 1147 4228 Δ.
1160 4181 1215 4230 194.

170 4259 215 4301 tor
224 4252 327 4315 passim,
338 4252 453 4301 omnibus
464 4253 491 4302 in
506 4252 568 4301 locis
577 4267 603 4304 se
613 4251 675 4300 illud
714 4259 741 4298 0.
754 4250 811 4302 197.
827 4257 851 4299 1’.
862 4249 918 4299 7⁰5.
935 4253 964 4297 Σ.
977 4247 1031 4295 129.

170 4316 206 4366 Ni
220 4317 352 4366 intercisae.
748 4325 766 4356 ⁶-
775 4315 829 4363 Etsi
840 4320 867 4363 et
875 4314 902 4362 in
912 4312 960 4371 bis,
973 4309 1081 4362 maxime
1091 4311 1118 4360 in
1129 4309 1216 4375 priori-

207 4379 219 4413 l‘
235 4381 359 4442 Excutiat,
373 4379 415 4444 qul
431 4383 506 4442 volet,
524 4382 594 4448 plura
611 4381 674 4441 mco,
715 4381 762 4428 bus
775 4378 855 4508 li4bria,
871 4375 1057 4427 incuriamulta
1069 4376 1177 4442 reliquit,
1189 4383 1217 4426 nt
