<?xml version="1.0" encoding="UTF-8"?>
<!DOCTYPE html PUBLIC "-//W3C//DTD XHTML 1.0 Transitional//EN"
    "http://www.w3.org/TR/xhtml1/DTD/xhtml1-transitional.dtd">
<html xmlns="http://www.w3.org/1999/xhtml" xml:lang="en" lang="en">
 <head>
  <title>
</title>
<meta http-equiv="Content-Type" content="text/html;charset=utf-8" />
  <meta name='ocr-system' content='tesseract 3.04.00' />
  <meta name='ocr-capabilities' content='ocr_page ocr_carea ocr_par ocr_line ocrx_word'/>
</head>
<body>
  <div class='ocr_page' id='page_1' title='image "./excursusinhomer00hermgoog_0273.png"; bbox 0 0 2998 5052; ppageno 0'>
   <div class='ocr_carea' id='block_1_1' title="bbox 331 397 1185 472">
    <p class='ocr_par' dir='ltr' id='par_1_1' title="bbox 331 397 1185 472">
     <span class='ocr_line' id='line_1_1' title="bbox 331 397 1185 472; baseline -0.001 -1"><span class='ocrx_word' id='word_1_1' title='bbox 331 397 401 472; x_wconf 74' lang='lat'>260‘</span> <span class='ocrx_word' id='word_1_2' title='bbox 556 405 808 471; x_wconf 88' lang='lat' dir='ltr'><strong>EXCURSUS</strong></span> <span class='ocrx_word' id='word_1_3' title='bbox 833 407 887 471; x_wconf 58' lang='lat'>11,</span> <span class='ocrx_word' id='word_1_4' title='bbox 914 405 1083 470; x_wconf 87' lang='lat' dir='ltr'>SECTIO</span> <span class='ocrx_word' id='word_1_5' title='bbox 1107 407 1155 470; x_wconf 91' lang='lat'>11.</span> <span class='ocrx_word' id='word_1_6' title='bbox 1179 443 1185 456; x_wconf 44' lang='grc' dir='ltr'><em>κ</em></span> 
     </span>
    </p>
   </div>
   <div class='ocr_carea' id='block_1_2' title="bbox 335 531 1373 666">
    <p class='ocr_par' dir='ltr' id='par_1_2' title="bbox 335 531 1373 666">
     <span class='ocr_line' id='line_1_2' title="bbox 335 531 1373 666; baseline -0.006 -21"><span class='ocrx_word' id='word_1_7' title='bbox 335 579 467 645; x_wconf 90' lang='lat' dir='ltr'>Lucian.</span> <span class='ocrx_word' id='word_1_8' title='bbox 483 578 516 641; x_wconf 91' lang='lat' dir='ltr'>in</span> <span class='ocrx_word' id='word_1_9' title='bbox 532 579 603 643; x_wconf 91' lang='lat' dir='ltr'>Ver.</span> <span class='ocrx_word' id='word_1_10' title='bbox 622 579 706 644; x_wconf 90' lang='lat' dir='ltr'>Hist.</span> <span class='ocrx_word' id='word_1_11' title='bbox 725 580 775 658; x_wconf 93' lang='lat'>11,</span> <span class='ocrx_word' id='word_1_12' title='bbox 792 581 843 644; x_wconf 70' lang='lat'>20.</span> <span class='ocrx_word' id='word_1_13' title='bbox 860 579 900 644; x_wconf 87' lang='lat' dir='ltr'>ab</span> <span class='ocrx_word' id='word_1_14' title='bbox 916 581 1058 644; x_wconf 89' lang='lat' dir='ltr'>Homero</span> <span class='ocrx_word' id='word_1_15' title='bbox 1074 579 1109 643; x_wconf 94' lang='lat' dir='ltr'>in</span> <span class='ocrx_word' id='word_1_16' title='bbox 1123 567 1240 666; x_wconf 79' lang='lat' dir='ltr'>Elysiis</span> <span class='ocrx_word' id='word_1_17' title='bbox 1254 531 1373 641; x_wconf 79' lang='lat' dir='ltr'>dicturi</span> 
     </span>
    </p>
   </div>
   <div class='ocr_carea' id='block_1_3' title="bbox 247 664 1388 4046">
    <p class='ocr_par' dir='ltr' id='par_1_3' title="bbox 247 664 1380 2487">
     <span class='ocr_line' id='line_1_3' title="bbox 335 664 1374 754; baseline -0.004 -24"><span class='ocrx_word' id='word_1_18' title='bbox 335 679 458 731; x_wconf 86' lang='lat' dir='ltr'>narrat:</span> <span class='ocrx_word' id='word_1_19' title='bbox 482 687 589 729; x_wconf 91' lang='lat' dir='ltr'>omnes</span> <span class='ocrx_word' id='word_1_20' title='bbox 611 667 785 748; x_wconf 76' lang='grc' dir='ltr'><em>ἁθετημένους</em></span> <span class='ocrx_word' id='word_1_21' title='bbox 808 688 916 731; x_wconf 91' lang='lat' dir='ltr'>versus</span> <span class='ocrx_word' id='word_1_22' title='bbox 938 666 1069 754; x_wconf 86' lang='lat' dir='ltr'>scriptos</span> <span class='ocrx_word' id='word_1_23' title='bbox 1088 689 1108 730; x_wconf 88' lang='lat' dir='ltr'>a</span> <span class='ocrx_word' id='word_1_24' title='bbox 1130 689 1161 730; x_wconf 91' lang='lat' dir='ltr'>se</span> <span class='ocrx_word' id='word_1_25' title='bbox 1183 688 1257 728; x_wconf 90' lang='lat' dir='ltr'>esse.</span> <span class='ocrx_word' id='word_1_26' title='bbox 1305 664 1374 750; x_wconf 86' lang='lat' dir='ltr'>ipse</span> 
     </span>
     <span class='ocr_line' id='line_1_4' title="bbox 335 747 1377 840; baseline -0.006 -22"><span class='ocrx_word' id='word_1_27' title='bbox 335 776 442 818; x_wconf 89' lang='lat' dir='ltr'>sensus</span> <span class='ocrx_word' id='word_1_28' title='bbox 467 752 640 816; x_wconf 89' lang='lat' dir='ltr'>communis</span> <span class='ocrx_word' id='word_1_29' title='bbox 662 774 921 840; x_wconf 86' lang='lat' dir='ltr'>unumquemque</span> <span class='ocrx_word' id='word_1_30' title='bbox 942 753 1061 831; x_wconf 90' lang='lat' dir='ltr'>edocet,</span> <span class='ocrx_word' id='word_1_31' title='bbox 1082 752 1116 816; x_wconf 94' lang='lat' dir='ltr'>in</span> <span class='ocrx_word' id='word_1_32' title='bbox 1138 750 1275 816; x_wconf 82' lang='lat' dir='ltr'>carmine</span> <span class='ocrx_word' id='word_1_33' title='bbox 1294 747 1377 836; x_wconf 92' lang='lat' dir='ltr'>quod</span> 
     </span>
     <span class='ocr_line' id='line_1_5' title="bbox 336 833 1375 928; baseline -0.004 -24"><span class='ocrx_word' id='word_1_34' title='bbox 336 833 515 904; x_wconf 79' lang='lat' dir='ltr'>memoriter</span> <span class='ocrx_word' id='word_1_35' title='bbox 533 838 684 903; x_wconf 86' lang='lat' dir='ltr'>traditum</span> <span class='ocrx_word' id='word_1_36' title='bbox 699 853 731 903; x_wconf 88' lang='lat' dir='ltr'>et</span> <span class='ocrx_word' id='word_1_37' title='bbox 745 863 764 903; x_wconf 88' lang='lat' dir='ltr'>a</span> <span class='ocrx_word' id='word_1_38' title='bbox 777 839 941 928; x_wconf 87' lang='lat' dir='ltr'>rhapsodis</span> <span class='ocrx_word' id='word_1_39' title='bbox 957 839 1126 928; x_wconf 86' lang='lat' dir='ltr'>repetitum</span> <span class='ocrx_word' id='word_1_40' title='bbox 1146 861 1221 902; x_wconf 83' lang='lat' dir='ltr'>mox</span> <span class='ocrx_word' id='word_1_41' title='bbox 1242 836 1309 903; x_wconf 88' lang='lat' dir='ltr'>anti</span> <span class='ocrx_word' id='word_1_42' title='bbox 1332 835 1375 900; x_wconf 93' lang='lat' dir='ltr'>uis</span> 
     </span>
     <span class='ocr_line' id='line_1_6' title="bbox 337 861 1375 1014; baseline -0.004 -24"><span class='ocrx_word' id='word_1_43' title='bbox 337 925 447 992; x_wconf 90' lang='lat' dir='ltr'>litteris</span> <span class='ocrx_word' id='word_1_44' title='bbox 463 925 624 1014; x_wconf 85' lang='lat' dir='ltr'>scriptum,</span> <span class='ocrx_word' id='word_1_45' title='bbox 639 925 712 991; x_wconf 93' lang='lat' dir='ltr'>inde</span> <span class='ocrx_word' id='word_1_46' title='bbox 725 926 760 990; x_wconf 92' lang='lat' dir='ltr'>in</span> <span class='ocrx_word' id='word_1_47' title='bbox 774 923 885 991; x_wconf 91' lang='lat' dir='ltr'>scholis</span> <span class='ocrx_word' id='word_1_48' title='bbox 898 925 1015 991; x_wconf 90' lang='lat' dir='ltr'>lectum</span> <span class='ocrx_word' id='word_1_49' title='bbox 1029 925 1110 1000; x_wconf 82' lang='lat' dir='ltr'>fuit3</span> <span class='ocrx_word' id='word_1_50' title='bbox 1132 923 1224 1012; x_wconf 85' lang='lat' dir='ltr'>cujus</span> <span class='ocrx_word' id='word_1_51' title='bbox 1239 861 1375 1011; x_wconf 79' lang='lat' dir='ltr'>singiiia&#39;e</span> 
     </span>
     <span class='ocr_line' id='line_1_7' title="bbox 247 1010 1377 1100; baseline -0.002 -24"><span class='ocrx_word' id='word_1_52' title='bbox 247 1019 250 1035; x_wconf 67' lang='lat'><em>¹</em></span> <span class='ocrx_word' id='word_1_53' title='bbox 334 1011 522 1100; x_wconf 88' lang='lat' dir='ltr'>rhapsodiae</span> <span class='ocrx_word' id='word_1_54' title='bbox 535 1013 569 1076; x_wconf 91' lang='lat' dir='ltr'>in</span> <span class='ocrx_word' id='word_1_55' title='bbox 583 1011 727 1078; x_wconf 89' lang='lat' dir='ltr'>manibus</span> <span class='ocrx_word' id='word_1_56' title='bbox 738 1013 865 1086; x_wconf 73' lang='lat' dir='ltr'>habitae</span> <span class='ocrx_word' id='word_1_57' title='bbox 880 1027 964 1093; x_wconf 90' lang='lat' dir='ltr'>sunt,</span> <span class='ocrx_word' id='word_1_58' title='bbox 979 1037 1052 1078; x_wconf 90' lang='lat' dir='ltr'>cum</span> <span class='ocrx_word' id='word_1_59' title='bbox 1067 1025 1176 1078; x_wconf 85' lang='lat' dir='ltr'>contra</span> <span class='ocrx_word' id='word_1_60' title='bbox 1194 1010 1303 1099; x_wconf 84' lang='lat' dir='ltr'>paucis</span> <span class='ocrx_word' id='word_1_61' title='bbox 1317 1033 1377 1074; x_wconf 89' lang='lat' dir='ltr'>car-</span> 
     </span>
     <span class='ocr_line' id='line_1_8' title="bbox 338 1096 1377 1188; baseline -0.005 -24"><span class='ocrx_word' id='word_1_62' title='bbox 338 1123 409 1164; x_wconf 88' lang='lat' dir='ltr'>men</span> <span class='ocrx_word' id='word_1_63' title='bbox 424 1113 527 1164; x_wconf 88' lang='lat' dir='ltr'>totum</span> <span class='ocrx_word' id='word_1_64' title='bbox 541 1099 716 1186; x_wconf 88' lang='lat' dir='ltr'>inspectum</span> <span class='ocrx_word' id='word_1_65' title='bbox 731 1111 763 1164; x_wconf 90' lang='lat' dir='ltr'>et</span> <span class='ocrx_word' id='word_1_66' title='bbox 777 1099 938 1188; x_wconf 90' lang='lat' dir='ltr'>cognitum</span> <span class='ocrx_word' id='word_1_67' title='bbox 949 1114 1039 1178; x_wconf 92' lang='lat' dir='ltr'>esset,</span> <span class='ocrx_word' id='word_1_68' title='bbox 1051 1099 1084 1164; x_wconf 92' lang='lat' dir='ltr'>in</span> <span class='ocrx_word' id='word_1_69' title='bbox 1098 1098 1153 1164; x_wconf 85' lang='lat' dir='ltr'>tali</span> <span class='ocrx_word' id='word_1_70' title='bbox 1164 1097 1300 1162; x_wconf 84' lang='lat' dir='ltr'>carmine</span> <span class='ocrx_word' id='word_1_71' title='bbox 1315 1096 1377 1160; x_wconf 85' lang='lat' dir='ltr'>fieri</span> 
     </span>
     <span class='ocr_line' id='line_1_9' title="bbox 337 1182 1377 1287; baseline -0.004 -37"><span class='ocrx_word' id='word_1_72' title='bbox 337 1209 400 1252; x_wconf 94' lang='lat' dir='ltr'>non</span> <span class='ocrx_word' id='word_1_73' title='bbox 414 1186 564 1285; x_wconf 87' lang='lat' dir='ltr'>potuisse,</span> <span class='ocrx_word' id='word_1_74' title='bbox 579 1185 667 1287; x_wconf 83' lang='lat' dir='ltr'>quin,</span> <span class='ocrx_word' id='word_1_75' title='bbox 682 1208 739 1274; x_wconf 91' lang='lat' dir='ltr'>per</span> <span class='ocrx_word' id='word_1_76' title='bbox 751 1185 871 1274; x_wconf 89' lang='lat' dir='ltr'>aliquot</span> <span class='ocrx_word' id='word_1_77' title='bbox 886 1186 1079 1252; x_wconf 87' lang='lat' dir='ltr'>saeculorum</span> <span class='ocrx_word' id='word_1_78' title='bbox 1093 1185 1272 1263; x_wconf 90' lang='lat' dir='ltr'>decursum,</span> <span class='ocrx_word' id='word_1_79' title='bbox 1288 1182 1377 1248; x_wconf 88' lang='lat' dir='ltr'>inter-</span> 
     </span>
     <span class='ocr_line' id='line_1_10' title="bbox 337 1271 1377 1361; baseline -0.003 -25"><span class='ocrx_word' id='word_1_80' title='bbox 337 1273 520 1360; x_wconf 83' lang='lat' dir='ltr'>polationes,</span> <span class='ocrx_word' id='word_1_81' title='bbox 537 1273 721 1342; x_wconf 72' lang='lat' dir='ltr'>variationes</span> <span class='ocrx_word' id='word_1_82' title='bbox 740 1286 771 1337; x_wconf 92' lang='lat' dir='ltr'>et</span> <span class='ocrx_word' id='word_1_83' title='bbox 793 1273 988 1361; x_wconf 86' lang='lat' dir='ltr'>corruptelae</span> <span class='ocrx_word' id='word_1_84' title='bbox 1008 1271 1319 1360; x_wconf 82' lang='lat' dir='ltr'>illud&#39;occuparent;</span> <span class='ocrx_word' id='word_1_85' title='bbox 1341 1293 1377 1334; x_wconf 88' lang='lat' dir='ltr'>ne</span> 
     </span>
     <span class='ocr_line' id='line_1_11' title="bbox 338 1349 1378 1447; baseline -0.003 -24"><span class='ocrx_word' id='word_1_86' title='bbox 338 1377 576 1440; x_wconf 87' lang='lat' dir='ltr'>commemorem</span> <span class='ocrx_word' id='word_1_87' title='bbox 592 1349 664 1440; x_wconf 78' lang='lat' dir='ltr'>alia,</span> <span class='ocrx_word' id='word_1_88' title='bbox 679 1383 761 1447; x_wconf 85' lang='lat' dir='ltr'>quae</span> <span class='ocrx_word' id='word_1_89' title='bbox 776 1383 876 1440; x_wconf 90' lang='lat' dir='ltr'>casus,</span> <span class='ocrx_word' id='word_1_90' title='bbox 892 1383 968 1424; x_wconf 90' lang='lat' dir='ltr'>usus</span> <span class='ocrx_word' id='word_1_91' title='bbox 982 1382 1131 1424; x_wconf 90' lang='lat' dir='ltr'>versuum</span> <span class='ocrx_word' id='word_1_92' title='bbox 1146 1356 1378 1446; x_wconf 85' lang='lat' dir='ltr'>ascriptoribus</span> 
     </span>
     <span class='ocr_line' id='line_1_12' title="bbox 337 1444 1377 1534; baseline -0.002 -25"><span class='ocrx_word' id='word_1_93' title='bbox 337 1446 452 1534; x_wconf 86' lang='lat' dir='ltr'>passim</span> <span class='ocrx_word' id='word_1_94' title='bbox 474 1447 652 1511; x_wconf 83' lang='lat' dir='ltr'>memoriter</span> <span class='ocrx_word' id='word_1_95' title='bbox 672 1446 883 1525; x_wconf 87' lang='lat' dir='ltr'>laudatorum,</span> <span class='ocrx_word' id='word_1_96' title='bbox 906 1446 999 1511; x_wconf 88' lang='lat' dir='ltr'>etiam</span> <span class='ocrx_word' id='word_1_97' title='bbox 1022 1446 1242 1534; x_wconf 83' lang='lat' dir='ltr'>Tragicorum,</span> <span class='ocrx_word' id='word_1_98' title='bbox 1264 1444 1377 1532; x_wconf 86' lang='lat' dir='ltr'>quiex</span> 
     </span>
     <span class='ocr_line' id='line_1_13' title="bbox 339 1532 1378 1621; baseline -0.002 -24"><span class='ocrx_word' id='word_1_99' title='bbox 339 1533 516 1598; x_wconf 87' lang='lat' dir='ltr'>Homericis</span> <span class='ocrx_word' id='word_1_100' title='bbox 538 1533 631 1597; x_wconf 94' lang='lat' dir='ltr'>modo</span> <span class='ocrx_word' id='word_1_101' title='bbox 652 1547 874 1621; x_wconf 84' lang='lat' dir='ltr'>argumentum</span> <span class='ocrx_word' id='word_1_102' title='bbox 897 1547 1084 1612; x_wconf 84' lang='lat' dir='ltr'>sumserant,</span> <span class='ocrx_word' id='word_1_103' title='bbox 1103 1532 1199 1597; x_wconf 92' lang='lat' dir='ltr'>modo</span> <span class='ocrx_word' id='word_1_104' title='bbox 1220 1533 1330 1596; x_wconf 88' lang='lat' dir='ltr'>versus</span> <span class='ocrx_word' id='word_1_105' title='bbox 1350 1545 1378 1595; x_wconf 88' lang='lat' dir='ltr'>et</span> 
     </span>
     <span class='ocr_line' id='line_1_14' title="bbox 336 1617 1376 1707; baseline -0.002 -23"><span class='ocrx_word' id='word_1_106' title='bbox 336 1619 405 1684; x_wconf 88' lang='lat' dir='ltr'>loca</span> <span class='ocrx_word' id='word_1_107' title='bbox 419 1620 682 1685; x_wconf 86' lang='lat' dir='ltr'>adumbraverant</span> <span class='ocrx_word' id='word_1_108' title='bbox 696 1620 760 1684; x_wconf 90' lang='lat' dir='ltr'>suis</span> <span class='ocrx_word' id='word_1_109' title='bbox 773 1621 925 1699; x_wconf 92' lang='lat' dir='ltr'>versibus,</span> <span class='ocrx_word' id='word_1_110' title='bbox 940 1628 1060 1700; x_wconf 84' lang='lat' dir='ltr'>eorum,</span> <span class='ocrx_word' id='word_1_111' title='bbox 1075 1621 1216 1707; x_wconf 93' lang='lat' dir='ltr'>inquam,</span> <span class='ocrx_word' id='word_1_112' title='bbox 1228 1617 1376 1698; x_wconf 85' lang='lat' dir='ltr'>studium,</span> 
     </span>
     <span class='ocr_line' id='line_1_15' title="bbox 338 1704 1378 1806; baseline -0.002 -36"><span class='ocrx_word' id='word_1_113' title='bbox 338 1706 453 1771; x_wconf 85' lang='lat' dir='ltr'>inferre</span> <span class='ocrx_word' id='word_1_114' title='bbox 467 1707 579 1794; x_wconf 88' lang='lat' dir='ltr'>potuit.</span> <span class='ocrx_word' id='word_1_115' title='bbox 600 1727 604 1736; x_wconf 90' lang='grc'><strong>’</strong></span> <span class='ocrx_word' id='word_1_116' title='bbox 626 1706 708 1771; x_wconf 94' lang='lat' dir='ltr'>Inde</span> <span class='ocrx_word' id='word_1_117' title='bbox 723 1731 850 1806; x_wconf 82' lang='lat' dir='ltr'>quoque</span> <span class='ocrx_word' id='word_1_118' title='bbox 869 1707 909 1772; x_wconf 82' lang='lat' dir='ltr'>de</span> <span class='ocrx_word' id='word_1_119' title='bbox 929 1707 1059 1796; x_wconf 90' lang='lat' dir='ltr'>singulis</span> <span class='ocrx_word' id='word_1_120' title='bbox 1076 1704 1226 1794; x_wconf 88' lang='lat' dir='ltr'>exemplis</span> <span class='ocrx_word' id='word_1_121' title='bbox 1240 1705 1378 1792; x_wconf 82' lang='lat' dir='ltr'>quaestio</span> 
     </span>
     <span class='ocr_line' id='line_1_16' title="bbox 337 1791 1378 1882; baseline -0.001 -26"><span class='ocrx_word' id='word_1_122' title='bbox 337 1793 461 1882; x_wconf 90' lang='lat' dir='ltr'>plerum</span> <span class='ocrx_word' id='word_1_123' title='bbox 485 1816 525 1857; x_wconf 91' lang='lat' dir='ltr'>ue</span> <span class='ocrx_word' id='word_1_124' title='bbox 547 1808 593 1859; x_wconf 89' lang='lat' dir='ltr'>est</span> <span class='ocrx_word' id='word_1_125' title='bbox 614 1793 815 1881; x_wconf 87' lang='lat' dir='ltr'>ambigua,s1</span> <span class='ocrx_word' id='word_1_126' title='bbox 835 1818 865 1857; x_wconf 88' lang='lat' dir='ltr'>v.</span> <span class='ocrx_word' id='word_1_127' title='bbox 882 1818 907 1858; x_wconf 90' lang='lat' dir='ltr'>c.</span> <span class='ocrx_word' id='word_1_128' title='bbox 930 1795 978 1859; x_wconf 88' lang='lat' dir='ltr'>ab·</span> <span class='ocrx_word' id='word_1_129' title='bbox 991 1793 1204 1881; x_wconf 86' lang='lat' dir='ltr'>Aristophane</span> <span class='ocrx_word' id='word_1_130' title='bbox 1220 1792 1254 1855; x_wconf 93' lang='lat' dir='ltr'>in</span> <span class='ocrx_word' id='word_1_131' title='bbox 1272 1791 1378 1856; x_wconf 89' lang='lat' dir='ltr'>avibus</span> 
     </span>
     <span class='ocr_line' id='line_1_17' title="bbox 341 1877 1376 1968; baseline -0.004 -24"><span class='ocrx_word' id='word_1_132' title='bbox 341 1879 421 1964; x_wconf 76' lang='lat' dir='ltr'>Iridi</span> <span class='ocrx_word' id='word_1_133' title='bbox 439 1894 477 1944; x_wconf 84' lang='lat' dir='ltr'>tn</span> <span class='ocrx_word' id='word_1_134' title='bbox 501 1879 603 1959; x_wconf 85' lang='lat' dir='ltr'>uitur,</span> <span class='ocrx_word' id='word_1_135' title='bbox 616 1904 660 1944; x_wconf 85' lang='lat' dir='ltr'>vs.</span> <span class='ocrx_word' id='word_1_136' title='bbox 676 1883 740 1948; x_wconf 75' lang='grc'>575</span> <span class='ocrx_word' id='word_1_137' title='bbox 754 1879 824 1968; x_wconf 67' lang='grc' dir='ltr'>Ἶριν</span> <span class='ocrx_word' id='word_1_138' title='bbox 846 1879 873 1960; x_wconf 69' lang='grc' dir='ltr'>δέ</span> <span class='ocrx_word' id='word_1_139' title='bbox 892 1884 922 1965; x_wconf 83' lang='grc' dir='ltr'>γ’</span> <span class='ocrx_word' id='word_1_140' title='bbox 936 1879 1062 1967; x_wconf 75' lang='grc' dir='ltr'><em>Ὅμηρος</em></span> <span class='ocrx_word' id='word_1_141' title='bbox 1083 1880 1188 1960; x_wconf 56' lang='grc' dir='ltr'><strong>ἔφασκ’</strong></span> <span class='ocrx_word' id='word_1_142' title='bbox 1202 1879 1294 1957; x_wconf 78' lang='grc' dir='ltr'>ἰκέλην</span> <span class='ocrx_word' id='word_1_143' title='bbox 1315 1877 1376 1967; x_wconf 60' lang='grc' dir='ltr'><em>εἶναι</em></span> 
     </span>
     <span class='ocr_line' id='line_1_18' title="bbox 339 1965 1379 2054; baseline -0.002 -24"><span class='ocrx_word' id='word_1_144' title='bbox 339 1968 451 2054; x_wconf 68' lang='grc' dir='ltr'>’τρήρωνι</span> <span class='ocrx_word' id='word_1_145' title='bbox 472 1965 578 2054; x_wconf 57' lang='grc' dir='ltr'>πελείῃ,</span> <span class='ocrx_word' id='word_1_146' title='bbox 594 1967 681 2053; x_wconf 95' lang='lat' dir='ltr'>quod</span> <span class='ocrx_word' id='word_1_147' title='bbox 703 1968 864 2031; x_wconf 89' lang='lat' dir='ltr'>Homerus</span> <span class='ocrx_word' id='word_1_148' title='bbox 883 1973 918 2030; x_wconf 87' lang='lat' dir='ltr'>E.</span> <span class='ocrx_word' id='word_1_149' title='bbox 935 1969 999 2036; x_wconf 75' lang='lat'>778</span> <span class='ocrx_word' id='word_1_150' title='bbox 1021 1967 1143 2031; x_wconf 91' lang='lat' dir='ltr'>Junoni</span> <span class='ocrx_word' id='word_1_151' title='bbox 1159 1977 1195 2030; x_wconf 85' lang='lat' dir='ltr'>&#39;et</span> <span class='ocrx_word' id='word_1_152' title='bbox 1217 1965 1379 2029; x_wconf 77' lang='lat' dir='ltr'>Minervae</span> 
     </span>
     <span class='ocr_line' id='line_1_19' title="bbox 340 2051 1379 2142; baseline -0.001 -25"><span class='ocrx_word' id='word_1_153' title='bbox 340 2052 467 2117; x_wconf 87' lang='lat' dir='ltr'>tribuit:</span> <span class='ocrx_word' id='word_1_154' title='bbox 487 2053 625 2140; x_wconf 92' lang='lat' dir='ltr'>possitne</span> <span class='ocrx_word' id='word_1_155' title='bbox 638 2053 712 2118; x_wconf 92' lang='lat' dir='ltr'>hinc</span> <span class='ocrx_word' id='word_1_156' title='bbox 726 2052 841 2142; x_wconf 85' lang='lat' dir='ltr'>colligi,</span> <span class='ocrx_word' id='word_1_157' title='bbox 857 2053 990 2117; x_wconf 90' lang='lat' dir='ltr'>Homeri</span> <span class='ocrx_word' id='word_1_158' title='bbox 1003 2053 1167 2118; x_wconf 90' lang='lat' dir='ltr'>lectionem</span> <span class='ocrx_word' id='word_1_159' title='bbox 1181 2051 1379 2124; x_wconf 78' lang='lat' dir='ltr'>aliarnfuisse</span> 
     </span>
     <span class='ocr_line' id='line_1_20' title="bbox 340 2135 1380 2227; baseline 0 -23"><span class='ocrx_word' id='word_1_160' title='bbox 340 2139 563 2227; x_wconf 83' lang='lat' dir='ltr'>Aristophanis</span> <span class='ocrx_word' id='word_1_161' title='bbox 583 2151 702 2215; x_wconf 80' lang='lat' dir='ltr'>aetate3</span> <span class='ocrx_word' id='word_1_162' title='bbox 727 2163 807 2204; x_wconf 88' lang='lat' dir='ltr'>nam</span> <span class='ocrx_word' id='word_1_163' title='bbox 821 2139 999 2204; x_wconf 88' lang='lat' dir='ltr'>memoriter</span> <span class='ocrx_word' id='word_1_164' title='bbox 1020 2139 1121 2204; x_wconf 88' lang='lat' dir='ltr'>multa</span> <span class='ocrx_word' id='word_1_165' title='bbox 1134 2135 1187 2220; x_wconf 87' lang='lat' dir='ltr'>alii</span> <span class='ocrx_word' id='word_1_166' title='bbox 1206 2162 1320 2226; x_wconf 83' lang='lat' dir='ltr'>parum</span> <span class='ocrx_word' id='word_1_167' title='bbox 1335 2162 1380 2204; x_wconf 88' lang='lat' dir='ltr'>ac-</span> 
     </span>
     <span class='ocr_line' id='line_1_21' title="bbox 340 2225 1379 2325; baseline -0.001 -35"><span class='ocrx_word' id='word_1_168' title='bbox 340 2237 448 2290; x_wconf 90' lang='lat' dir='ltr'>curate</span> <span class='ocrx_word' id='word_1_169' title='bbox 467 2225 645 2310; x_wconf 77' lang='lat' dir='ltr'>iaudarrmt.</span> <span class='ocrx_word' id='word_1_170' title='bbox 692 2227 787 2310; x_wconf 85' lang='lat' dir='ltr'>Quod</span> <span class='ocrx_word' id='word_1_171' title='bbox 800 2225 973 2292; x_wconf 90' lang='lat' dir='ltr'>Aeschines</span> <span class='ocrx_word' id='word_1_172' title='bbox 991 2226 1024 2290; x_wconf 93' lang='lat' dir='ltr'>in</span> <span class='ocrx_word' id='word_1_173' title='bbox 1039 2226 1246 2290; x_wconf 86' lang='lat' dir='ltr'>Timarchum</span> <span class='ocrx_word' id='word_1_174' title='bbox 1261 2225 1292 2325; x_wconf 90' lang='grc' dir='ltr'>Ρ.</span> <span class='ocrx_word' id='word_1_175' title='bbox 1311 2227 1379 2290; x_wconf 81' lang='lat'>141.</span> 
     </span>
     <span class='ocr_line' id='line_1_22' title="bbox 339 2312 1380 2403; baseline -0.004 -23"><span class='ocrx_word' id='word_1_176' title='bbox 339 2312 393 2380; x_wconf 86' lang='lat' dir='ltr'>ed.</span> <span class='ocrx_word' id='word_1_177' title='bbox 411 2312 518 2377; x_wconf 86' lang='lat' dir='ltr'>Reisk.</span> <span class='ocrx_word' id='word_1_178' title='bbox 535 2314 608 2403; x_wconf 67' lang='grc' dir='ltr'>φήμῃ</span> <span class='ocrx_word' id='word_1_179' title='bbox 625 2315 645 2375; x_wconf 80' lang='grc' dir='ltr'>δ’</span> <span class='ocrx_word' id='word_1_180' title='bbox 662 2317 697 2390; x_wconf 83' lang='grc' dir='ltr'>εἰς</span> <span class='ocrx_word' id='word_1_181' title='bbox 712 2313 833 2402; x_wconf 69' lang='grc' dir='ltr'>στρατὸν</span> <span class='ocrx_word' id='word_1_182' title='bbox 848 2313 911 2392; x_wconf 80' lang='grc' dir='ltr'>ἦλθε</span> <span class='ocrx_word' id='word_1_183' title='bbox 929 2313 1049 2392; x_wconf 83' lang='lat' dir='ltr'>laudat,</span> <span class='ocrx_word' id='word_1_184' title='bbox 1064 2312 1151 2400; x_wconf 91' lang='lat' dir='ltr'>quod</span> <span class='ocrx_word' id='word_1_185' title='bbox 1168 2336 1253 2377; x_wconf 89' lang='lat' dir='ltr'>nunc</span> <span class='ocrx_word' id='word_1_186' title='bbox 1266 2335 1300 2376; x_wconf 89' lang='lat' dir='ltr'>m</span> <span class='ocrx_word' id='word_1_187' title='bbox 1315 2314 1380 2376; x_wconf 92' lang='lat' dir='ltr'>Ho-</span> 
     </span>
     <span class='ocr_line' id='line_1_23' title="bbox 341 2398 1295 2487; baseline -0.002 -23"><span class='ocrx_word' id='word_1_188' title='bbox 341 2399 463 2464; x_wconf 84' lang='lat' dir='ltr'>mericis</span> <span class='ocrx_word' id='word_1_189' title='bbox 477 2423 541 2464; x_wconf 91' lang='lat' dir='ltr'>non</span> <span class='ocrx_word' id='word_1_190' title='bbox 555 2398 702 2483; x_wconf 85' lang='lat' dir='ltr'>occurrit,</span> <span class='ocrx_word' id='word_1_191' title='bbox 716 2400 804 2464; x_wconf 91' lang='lat' dir='ltr'>haud</span> <span class='ocrx_word' id='word_1_192' title='bbox 819 2423 883 2464; x_wconf 87' lang='lat' dir='ltr'>una</span> <span class='ocrx_word' id='word_1_193' title='bbox 897 2399 1015 2464; x_wconf 90' lang='lat' dir='ltr'>ratione</span> <span class='ocrx_word' id='word_1_194' title='bbox 1029 2399 1170 2465; x_wconf 87' lang='lat' dir='ltr'>excusari</span> <span class='ocrx_word' id='word_1_195' title='bbox 1183 2411 1295 2487; x_wconf 90' lang='lat' dir='ltr'>potest.</span> 
     </span>
    </p>

    <p class='ocr_par' dir='ltr' id='par_1_4' title="bbox 267 2484 1388 3787">
     <span class='ocr_line' id='line_1_24' title="bbox 385 2484 1383 2575; baseline -0.001 -25"><span class='ocrx_word' id='word_1_196' title='bbox 385 2486 519 2550; x_wconf 93' lang='lat' dir='ltr'>Nullum</span> <span class='ocrx_word' id='word_1_197' title='bbox 541 2499 587 2551; x_wconf 91' lang='lat' dir='ltr'>est</span> <span class='ocrx_word' id='word_1_198' title='bbox 610 2498 744 2575; x_wconf 88' lang='lat' dir='ltr'>tempus,</span> <span class='ocrx_word' id='word_1_199' title='bbox 767 2486 891 2573; x_wconf 93' lang='lat' dir='ltr'>dequo</span> <span class='ocrx_word' id='word_1_200' title='bbox 912 2486 1005 2574; x_wconf 90' lang='lat' dir='ltr'>plura</span> <span class='ocrx_word' id='word_1_201' title='bbox 1026 2486 1103 2550; x_wconf 88' lang='lat' dir='ltr'>scire</span> <span class='ocrx_word' id='word_1_202' title='bbox 1124 2509 1243 2564; x_wconf 88' lang='lat' dir='ltr'>aveam,</span> <span class='ocrx_word' id='word_1_203' title='bbox 1259 2499 1292 2549; x_wconf 93' lang='lat' dir='ltr'>et</span> <span class='ocrx_word' id='word_1_204' title='bbox 1308 2484 1383 2548; x_wconf 93' lang='lat' dir='ltr'>nihil</span> 
     </span>
     <span class='ocr_line' id='line_1_25' title="bbox 342 2571 1383 2672; baseline -0.002 -35"><span class='ocrx_word' id='word_1_205' title='bbox 342 2573 494 2637; x_wconf 90' lang='lat' dir='ltr'>traditum</span> <span class='ocrx_word' id='word_1_206' title='bbox 515 2597 581 2638; x_wconf 92' lang='lat' dir='ltr'>esse</span> <span class='ocrx_word' id='word_1_207' title='bbox 601 2586 664 2638; x_wconf 88' lang='lat' dir='ltr'>tam</span> <span class='ocrx_word' id='word_1_208' title='bbox 679 2573 770 2638; x_wconf 91' lang='lat' dir='ltr'>valde</span> <span class='ocrx_word' id='word_1_209' title='bbox 784 2573 917 2652; x_wconf 89' lang='lat' dir='ltr'>doleam,</span> <span class='ocrx_word' id='word_1_210' title='bbox 932 2595 1029 2660; x_wconf 91' lang='lat' dir='ltr'>quam</span> <span class='ocrx_word' id='word_1_211' title='bbox 1042 2572 1133 2650; x_wconf 86' lang='lat' dir='ltr'>illud,</span> <span class='ocrx_word' id='word_1_212' title='bbox 1149 2597 1214 2672; x_wconf 81' lang='lat' dir='ltr'>quo</span> <span class='ocrx_word' id='word_1_213' title='bbox 1226 2571 1320 2660; x_wconf 90' lang='lat' dir='ltr'>primi</span> <span class='ocrx_word' id='word_1_214' title='bbox 1335 2596 1383 2636; x_wconf 90' lang='lat' dir='ltr'>co-</span> 
     </span>
     <span class='ocr_line' id='line_1_26' title="bbox 342 2658 1384 2747; baseline 0 -25"><span class='ocrx_word' id='word_1_215' title='bbox 342 2659 426 2724; x_wconf 91' lang='lat' dir='ltr'>dices</span> <span class='ocrx_word' id='word_1_216' title='bbox 444 2658 555 2723; x_wconf 90' lang='lat' dir='ltr'>litteris</span> <span class='ocrx_word' id='word_1_217' title='bbox 575 2660 692 2724; x_wconf 89' lang='lat' dir='ltr'>exarati</span> <span class='ocrx_word' id='word_1_218' title='bbox 713 2660 820 2734; x_wconf 82' lang='lat' dir='ltr'>fuere3</span> <span class='ocrx_word' id='word_1_219' title='bbox 845 2658 1123 2747; x_wconf 76' lang='lat' dir='ltr'>primo,&#39;suspicari</span> <span class='ocrx_word' id='word_1_220' title='bbox 1141 2659 1223 2738; x_wconf 88' lang='lat' dir='ltr'>hcet,</span> <span class='ocrx_word' id='word_1_221' title='bbox 1238 2659 1334 2722; x_wconf 91' lang='lat' dir='ltr'>unius</span> <span class='ocrx_word' id='word_1_222' title='bbox 1353 2671 1384 2722; x_wconf 87' lang='lat' dir='ltr'>et</span> 
     </span>
     <span class='ocr_line' id='line_1_27' title="bbox 342 2745 1383 2846; baseline 0.001 -37"><span class='ocrx_word' id='word_1_223' title='bbox 342 2745 470 2830; x_wconf 84' lang='lat' dir='ltr'>alterius</span> <span class='ocrx_word' id='word_1_224' title='bbox 484 2745 679 2832; x_wconf 74' lang='lat' dir='ltr'>rhapsodias,</span> <span class='ocrx_word' id='word_1_225' title='bbox 694 2745 767 2810; x_wconf 91' lang='lat' dir='ltr'>inde</span> <span class='ocrx_word' id='word_1_226' title='bbox 781 2746 939 2846; x_wconf 90' lang='lat' dir='ltr'>plurium;</span> <span class='ocrx_word' id='word_1_227' title='bbox 964 2769 1028 2834; x_wconf 92' lang='lat' dir='ltr'>qua</span> <span class='ocrx_word' id='word_1_228' title='bbox 1042 2769 1120 2810; x_wconf 89' lang='lat' dir='ltr'>cura</span> <span class='ocrx_word' id='word_1_229' title='bbox 1137 2745 1320 2833; x_wconf 90' lang='lat' dir='ltr'>putabimus</span> <span class='ocrx_word' id='word_1_230' title='bbox 1333 2768 1383 2810; x_wconf 87' lang='lat' dir='ltr'>eas</span> 
     </span>
     <span class='ocr_line' id='line_1_28' title="bbox 343 2831 1384 2920; baseline 0 -24"><span class='ocrx_word' id='word_1_231' title='bbox 343 2855 383 2896; x_wconf 87' lang='lat' dir='ltr'>ex</span> <span class='ocrx_word' id='word_1_232' title='bbox 404 2831 632 2920; x_wconf 88' lang='lat' dir='ltr'>rhapsodorum</span> <span class='ocrx_word' id='word_1_233' title='bbox 655 2855 719 2912; x_wconf 90' lang='lat' dir='ltr'>ore,</span> <span class='ocrx_word' id='word_1_234' title='bbox 742 2845 836 2898; x_wconf 90' lang='lat' dir='ltr'>umus</span> <span class='ocrx_word' id='word_1_235' title='bbox 857 2855 898 2896; x_wconf 89' lang='lat' dir='ltr'>an</span> <span class='ocrx_word' id='word_1_236' title='bbox 920 2832 1078 2920; x_wconf 70' lang='lat' dir='ltr'>plurium,</span> <span class='ocrx_word' id='word_1_237' title='bbox 1094 2847 1238 2919; x_wconf 84' lang='lat' dir='ltr'>exceptas</span> <span class='ocrx_word' id='word_1_238' title='bbox 1262 2844 1294 2896; x_wconf 89' lang='lat' dir='ltr'>et</span> <span class='ocrx_word' id='word_1_239' title='bbox 1316 2853 1384 2920; x_wconf 92' lang='lat' dir='ltr'>per-</span> 
     </span>
     <span class='ocr_line' id='line_1_29' title="bbox 344 2918 1384 3007; baseline 0 -24"><span class='ocrx_word' id='word_1_240' title='bbox 344 2918 474 3007; x_wconf 88' lang='lat' dir='ltr'>scriptas</span> <span class='ocrx_word' id='word_1_241' title='bbox 491 2943 556 2984; x_wconf 91' lang='lat' dir='ltr'>esse</span> <span class='ocrx_word' id='word_1_242' title='bbox 575 2919 616 2985; x_wconf 89' lang='lat' dir='ltr'>ab</span> <span class='ocrx_word' id='word_1_243' title='bbox 626 2919 815 3004; x_wconf 27' lang='lat' dir='ltr'>,hominibus</span> <span class='ocrx_word' id='word_1_244' title='bbox 835 2919 989 2984; x_wconf 88' lang='lat' dir='ltr'>scribendi</span> <span class='ocrx_word' id='word_1_245' title='bbox 1003 2933 1070 2984; x_wconf 88' lang='lat' dir='ltr'>arte</span> <span class='ocrx_word' id='word_1_246' title='bbox 1084 2932 1115 2983; x_wconf 87' lang='lat' dir='ltr'>et</span> <span class='ocrx_word' id='word_1_247' title='bbox 1129 2942 1189 2982; x_wconf 92' lang='lat' dir='ltr'>usu</span> <span class='ocrx_word' id='word_1_248' title='bbox 1202 2941 1317 3006; x_wconf 82' lang='lat' dir='ltr'>parum</span> <span class='ocrx_word' id='word_1_249' title='bbox 1332 2927 1384 2983; x_wconf 74' lang='lat' dir='ltr'>ex-</span> 
     </span>
     <span class='ocr_line' id='line_1_30' title="bbox 341 3005 1386 3093; baseline -0.001 -23"><span class='ocrx_word' id='word_1_250' title='bbox 341 3005 500 3070; x_wconf 83' lang='lat' dir='ltr'>ercitatis?</span> <span class='ocrx_word' id='word_1_251' title='bbox 522 3030 588 3093; x_wconf 93' lang='lat' dir='ltr'>quo</span> <span class='ocrx_word' id='word_1_252' title='bbox 597 3005 718 3093; x_wconf 89' lang='lat' dir='ltr'>judicio</span> <span class='ocrx_word' id='word_1_253' title='bbox 732 3020 763 3070; x_wconf 88' lang='lat' dir='ltr'>et</span> <span class='ocrx_word' id='word_1_254' title='bbox 778 3006 896 3070; x_wconf 78' lang='lat' dir='ltr'>dilectu·</span> <span class='ocrx_word' id='word_1_255' title='bbox 908 3005 1071 3071; x_wconf 91' lang='lat' dir='ltr'>lectionem</span> <span class='ocrx_word' id='word_1_256' title='bbox 1086 3029 1151 3070; x_wconf 88' lang='lat' dir='ltr'>esse</span> <span class='ocrx_word' id='word_1_257' title='bbox 1165 3005 1386 3070; x_wconf 84' lang='lat' dir='ltr'>constitutam?</span> 
     </span>
     <span class='ocr_line' id='line_1_31' title="bbox 267 3089 1385 3180; baseline 0 -25"><span class='ocrx_word' id='word_1_258' title='bbox 267 3089 271 3102; x_wconf 82' lang='grc'><strong>’</strong></span> <span class='ocrx_word' id='word_1_259' title='bbox 321 3090 522 3180; x_wconf 62' lang='grc' dir='ltr'>«ΡΙιιτίιιῐηῐιε</span> <span class='ocrx_word' id='word_1_260' title='bbox 543 3093 602 3157; x_wconf 91' lang='lat' dir='ltr'>rha</span> <span class='ocrx_word' id='word_1_261' title='bbox 623 3093 772 3157; x_wconf 92' lang='lat' dir='ltr'>sodorum</span> <span class='ocrx_word' id='word_1_262' title='bbox 794 3106 957 3173; x_wconf 77' lang='lat' dir='ltr'>consensu,</span> <span class='ocrx_word' id='word_1_263' title='bbox 972 3115 1012 3157; x_wconf 85' lang='lat' dir='ltr'>an</span> <span class='ocrx_word' id='word_1_264' title='bbox 1029 3092 1123 3157; x_wconf 91' lang='lat' dir='ltr'>unius</span> <span class='ocrx_word' id='word_1_265' title='bbox 1144 3091 1310 3156; x_wconf 88' lang='lat' dir='ltr'>alteriusve</span> <span class='ocrx_word' id='word_1_266' title='bbox 1331 3114 1385 3156; x_wconf 91' lang='lat' dir='ltr'>au-</span> 
     </span>
     <span class='ocr_line' id='line_1_32' title="bbox 342 3177 1385 3267; baseline -0.002 -23"><span class='ocrx_word' id='word_1_267' title='bbox 342 3177 485 3244; x_wconf 87' lang='lat' dir='ltr'>ctoritate</span> <span class='ocrx_word' id='word_1_268' title='bbox 507 3181 583 3244; x_wconf 83' lang='lat' dir='ltr'>acii</span> <span class='ocrx_word' id='word_1_269' title='bbox 607 3184 646 3244; x_wconf 82' lang='lat' dir='ltr'>e?</span> <span class='ocrx_word' id='word_1_270' title='bbox 668 3180 736 3244; x_wconf 87' lang='lat' dir='ltr'>fieri</span> <span class='ocrx_word' id='word_1_271' title='bbox 758 3179 840 3244; x_wconf 91' lang='lat' dir='ltr'>enim</span> <span class='ocrx_word' id='word_1_272' title='bbox 862 3203 925 3243; x_wconf 93' lang='lat' dir='ltr'>non</span> <span class='ocrx_word' id='word_1_273' title='bbox 987 3179 1059 3258; x_wconf 91' lang='lat' dir='ltr'>tuit,</span> <span class='ocrx_word' id='word_1_274' title='bbox 1075 3179 1152 3267; x_wconf 90' lang='lat' dir='ltr'>quin</span> <span class='ocrx_word' id='word_1_275' title='bbox 1171 3201 1288 3266; x_wconf 86' lang='lat' dir='ltr'>magna</span> <span class='ocrx_word' id='word_1_276' title='bbox 1307 3192 1385 3243; x_wconf 87' lang='lat' dir='ltr'>esset</span> 
     </span>
     <span class='ocr_line' id='line_1_33' title="bbox 342 3264 1385 3363; baseline -0.001 -34"><span class='ocrx_word' id='word_1_277' title='bbox 342 3266 521 3348; x_wconf 79' lang='lat' dir='ltr'>memoriter</span> <span class='ocrx_word' id='word_1_278' title='bbox 535 3265 732 3331; x_wconf 85' lang='lat' dir='ltr'>recitantium</span> <span class='ocrx_word' id='word_1_279' title='bbox 747 3267 879 3331; x_wconf 87' lang='lat' dir='ltr'>varietas</span> <span class='ocrx_word' id='word_1_280' title='bbox 893 3277 924 3330; x_wconf 92' lang='lat' dir='ltr'>et</span> <span class='ocrx_word' id='word_1_281' title='bbox 964 3265 1103 3331; x_wconf 81' lang='lat' dir='ltr'>iversitas</span> <span class='ocrx_word' id='word_1_282' title='bbox 1121 3265 1154 3328; x_wconf 93' lang='lat' dir='ltr'>in</span> <span class='ocrx_word' id='word_1_283' title='bbox 1173 3264 1305 3363; x_wconf 85' lang='lat' dir='ltr'>singuiis</span> <span class='ocrx_word' id='word_1_284' title='bbox 1318 3267 1385 3330; x_wconf 81' lang='lat' dir='ltr'>ver-</span> 
     </span>
     <span class='ocr_line' id='line_1_34' title="bbox 319 3351 1388 3439; baseline 0 -23"><span class='ocrx_word' id='word_1_285' title='bbox 319 3435 322 3438; x_wconf 25' lang='lat'>·</span> <span class='ocrx_word' id='word_1_286' title='bbox 344 3351 430 3416; x_wconf 88' lang='lat' dir='ltr'>sibus</span> <span class='ocrx_word' id='word_1_287' title='bbox 444 3375 480 3416; x_wconf 86' lang='lat' dir='ltr'>ac</span> <span class='ocrx_word' id='word_1_288' title='bbox 493 3352 585 3417; x_wconf 88' lang='lat' dir='ltr'>locis:</span> <span class='ocrx_word' id='word_1_289' title='bbox 610 3375 687 3416; x_wconf 93' lang='lat' dir='ltr'>num</span> <span class='ocrx_word' id='word_1_290' title='bbox 704 3352 737 3417; x_wconf 91' lang='lat' dir='ltr'>in</span> <span class='ocrx_word' id='word_1_291' title='bbox 757 3377 822 3417; x_wconf 92' lang='lat' dir='ltr'>uno</span> <span class='ocrx_word' id='word_1_292' title='bbox 842 3352 1012 3439; x_wconf 79' lang='lat' dir='ltr'>exemplari</span> <span class='ocrx_word' id='word_1_293' title='bbox 1033 3351 1132 3416; x_wconf 92' lang='lat' dir='ltr'>omnis</span> <span class='ocrx_word' id='word_1_294' title='bbox 1153 3351 1212 3416; x_wconf 88' lang='lat' dir='ltr'>ista</span> <span class='ocrx_word' id='word_1_295' title='bbox 1232 3351 1388 3418; x_wconf 83' lang='lat' dir='ltr'>industria</span> 
     </span>
     <span class='ocr_line' id='line_1_35' title="bbox 344 3437 1386 3527; baseline 0.001 -26"><span class='ocrx_word' id='word_1_296' title='bbox 344 3437 493 3517; x_wconf 87' lang='lat' dir='ltr'>substitit,</span> <span class='ocrx_word' id='word_1_297' title='bbox 509 3461 550 3502; x_wconf 86' lang='lat' dir='ltr'>an</span> <span class='ocrx_word' id='word_1_298' title='bbox 563 3439 656 3526; x_wconf 88' lang='lat' dir='ltr'>plura</span> <span class='ocrx_word' id='word_1_299' title='bbox 669 3461 689 3502; x_wconf 88' lang='lat' dir='ltr'>a</span> <span class='ocrx_word' id='word_1_300' title='bbox 702 3439 847 3526; x_wconf 90' lang='lat' dir='ltr'>pluribus</span> <span class='ocrx_word' id='word_1_301' title='bbox 861 3439 1033 3526; x_wconf 83' lang='lat' dir='ltr'>perscripta</span> <span class='ocrx_word' id='word_1_302' title='bbox 1049 3439 1137 3502; x_wconf 87' lang='lat' dir='ltr'>fuere</span> <span class='ocrx_word' id='word_1_303' title='bbox 1151 3439 1334 3527; x_wconf 88' lang='lat' dir='ltr'>apographa</span> <span class='ocrx_word' id='word_1_304' title='bbox 1348 3461 1386 3504; x_wconf 89' lang='lat' dir='ltr'>ex</span> 
     </span>
     <span class='ocr_line' id='line_1_36' title="bbox 343 3523 1385 3613; baseline 0.003 -26"><span class='ocrx_word' id='word_1_305' title='bbox 343 3523 537 3589; x_wconf 88' lang='lat' dir='ltr'>diversorum</span> <span class='ocrx_word' id='word_1_306' title='bbox 559 3525 787 3612; x_wconf 88' lang='lat' dir='ltr'>rhapsodorum</span> <span class='ocrx_word' id='word_1_307' title='bbox 811 3549 864 3589; x_wconf 91' lang='lat' dir='ltr'>ore</span> <span class='ocrx_word' id='word_1_308' title='bbox 886 3529 1034 3613; x_wconf 87' lang='lat' dir='ltr'>accepta?</span> <span class='ocrx_word' id='word_1_309' title='bbox 1072 3526 1162 3589; x_wconf 88' lang='lat' dir='ltr'>Haec</span> <span class='ocrx_word' id='word_1_310' title='bbox 1187 3526 1294 3590; x_wconf 85' lang='lat' dir='ltr'>omnia</span> <span class='ocrx_word' id='word_1_311' title='bbox 1314 3547 1385 3590; x_wconf 89' lang='lat' dir='ltr'>cum</span> 
     </span>
     <span class='ocr_line' id='line_1_37' title="bbox 313 3609 1385 3708; baseline 0.005 -35"><span class='ocrx_word' id='word_1_312' title='bbox 313 3679 315 3681; x_wconf 57' lang='grc'><strong>,</strong></span> <span class='ocrx_word' id='word_1_313' title='bbox 344 3609 534 3708; x_wconf 79' lang='lat' dir='ltr'>ignoremus,</span> <span class='ocrx_word' id='word_1_314' title='bbox 556 3611 596 3698; x_wconf 93' lang='lat' dir='ltr'>de</span> <span class='ocrx_word' id='word_1_315' title='bbox 618 3611 793 3698; x_wconf 86' lang='lat' dir='ltr'>antiquiore</span> <span class='ocrx_word' id='word_1_316' title='bbox 817 3611 1058 3677; x_wconf 85' lang='lat' dir='ltr'>Homericorum</span> <span class='ocrx_word' id='word_1_317' title='bbox 1083 3611 1256 3676; x_wconf 89' lang='lat' dir='ltr'>carminum</span> <span class='ocrx_word' id='word_1_318' title='bbox 1281 3611 1385 3695; x_wconf 81' lang='lat' dir='ltr'>condi-</span> 
     </span>
     <span class='ocr_line' id='line_1_38' title="bbox 343 3696 1153 3787; baseline 0.001 -26"><span class='ocrx_word' id='word_1_319' title='bbox 343 3710 428 3761; x_wconf 83' lang='lat' dir='ltr'>tione</span> <span class='ocrx_word' id='word_1_320' title='bbox 441 3696 560 3784; x_wconf 86' lang='lat' dir='ltr'>ahquid</span> <span class='ocrx_word' id='word_1_321' title='bbox 575 3721 633 3785; x_wconf 92' lang='lat' dir='ltr'>pro</span> <span class='ocrx_word' id='word_1_322' title='bbox 647 3698 809 3787; x_wconf 86' lang='lat' dir='ltr'>explorato</span> <span class='ocrx_word' id='word_1_323' title='bbox 824 3712 959 3764; x_wconf 86' lang='lat' dir='ltr'>statuere</span> <span class='ocrx_word' id='word_1_324' title='bbox 972 3698 1060 3762; x_wconf 87' lang='lat' dir='ltr'>haud</span> <span class='ocrx_word' id='word_1_325' title='bbox 1073 3697 1153 3762; x_wconf 90' lang='lat' dir='ltr'>licet.</span> 
     </span>
    </p>

    <p class='ocr_par' dir='ltr' id='par_1_5' title="bbox 342 3783 1386 4046">
     <span class='ocr_line' id='line_1_39' title="bbox 388 3783 1386 3873; baseline 0.001 -26"><span class='ocrx_word' id='word_1_326' title='bbox 388 3785 538 3848; x_wconf 90' lang='lat' dir='ltr'>Ceterum</span> <span class='ocrx_word' id='word_1_327' title='bbox 563 3803 620 3870; x_wconf 85' lang='lat' dir='ltr'>nos</span> <span class='ocrx_word' id='word_1_328' title='bbox 646 3783 804 3873; x_wconf 90' lang='lat' dir='ltr'>integrum</span> <span class='ocrx_word' id='word_1_329' title='bbox 830 3785 1027 3872; x_wconf 91' lang='lat' dir='ltr'>eundemque</span> <span class='ocrx_word' id='word_1_330' title='bbox 1051 3787 1232 3849; x_wconf 90' lang='lat' dir='ltr'>Homerum</span> <span class='ocrx_word' id='word_1_331' title='bbox 1260 3785 1386 3863; x_wconf 87' lang='lat' dir='ltr'>habere,</span> 
     </span>
     <span class='ocr_line' id='line_1_40' title="bbox 343 3869 1385 3959; baseline 0.002 -26"><span class='ocrx_word' id='word_1_332' title='bbox 343 3893 437 3958; x_wconf 92' lang='lat' dir='ltr'>quem</span> <span class='ocrx_word' id='word_1_333' title='bbox 454 3869 662 3934; x_wconf 88' lang='lat' dir='ltr'>Alexandrini</span> <span class='ocrx_word' id='word_1_334' title='bbox 676 3872 871 3958; x_wconf 78' lang='lat' dir='ltr'>grammatici</span> <span class='ocrx_word' id='word_1_335' title='bbox 886 3871 1031 3956; x_wconf 87' lang='lat' dir='ltr'>manibus</span> <span class='ocrx_word' id='word_1_336' title='bbox 1042 3871 1206 3949; x_wconf 90' lang='lat' dir='ltr'>triverunt,</span> <span class='ocrx_word' id='word_1_337' title='bbox 1218 3877 1251 3936; x_wconf 88' lang='lat' dir='ltr'>et</span> <span class='ocrx_word' id='word_1_338' title='bbox 1261 3871 1385 3959; x_wconf 91' lang='lat' dir='ltr'>qualem</span> 
     </span>
     <span class='ocr_line' id='line_1_41' title="bbox 342 3951 1385 4046; baseline 0.003 -26"><span class='ocrx_word' id='word_1_339' title='bbox 342 3955 401 4045; x_wconf 88' lang='lat' dir='ltr'>ipsi</span> <span class='ocrx_word' id='word_1_340' title='bbox 427 3956 665 4036; x_wconf 86' lang='lat' dir='ltr'>constituerunt,</span> <span class='ocrx_word' id='word_1_341' title='bbox 692 3951 831 4046; x_wconf 72' lang='lat' dir='ltr'>dubitari</span> <span class='ocrx_word' id='word_1_342' title='bbox 853 3958 995 4046; x_wconf 76' lang='lat' dir='ltr'>nequit³:</span> <span class='ocrx_word' id='word_1_343' title='bbox 1020 3981 1092 4022; x_wconf 89' lang='lat' dir='ltr'>nam</span> <span class='ocrx_word' id='word_1_344' title='bbox 1114 3981 1196 4045; x_wconf 86' lang='lat' dir='ltr'>quae</span> <span class='ocrx_word' id='word_1_345' title='bbox 1217 3958 1385 4046; x_wconf 81' lang='lat' dir='ltr'>posthaec</span> 
     </span>
    </p>
   </div>
   <div class='ocr_carea' id='block_1_4' title="bbox 318 4147 1387 4480">
    <p class='ocr_par' dir='ltr' id='par_1_6' title="bbox 341 4147 1387 4348">
     <span class='ocr_line' id='line_1_42' title="bbox 374 4147 1387 4219; baseline -0.002 -15"><span class='ocrx_word' id='word_1_346' title='bbox 374 4155 460 4204; x_wconf 69' lang='lat' dir='ltr'>¹&#39;Non</span> <span class='ocrx_word' id='word_1_347' title='bbox 479 4155 597 4204; x_wconf 86' lang='lat' dir='ltr'>babemus</span> <span class='ocrx_word' id='word_1_348' title='bbox 614 4153 716 4204; x_wconf 89' lang='lat' dir='ltr'>Homeri</span> <span class='ocrx_word' id='word_1_349' title='bbox 739 4155 844 4216; x_wconf 84' lang='lat' dir='ltr'>codices,</span> <span class='ocrx_word' id='word_1_350' title='bbox 886 4156 961 4204; x_wconf 88' lang='lat' dir='ltr'>Hom.</span> <span class='ocrx_word' id='word_1_351' title='bbox 984 4155 1055 4204; x_wconf 91' lang='lat' dir='ltr'>Iliad.</span> <span class='ocrx_word' id='word_1_352' title='bbox 1074 4171 1088 4204; x_wconf 91' lang='lat' dir='ltr'>e</span> <span class='ocrx_word' id='word_1_353' title='bbox 1110 4156 1163 4204; x_wconf 86' lang='lat' dir='ltr'>cod.</span> <span class='ocrx_word' id='word_1_354' title='bbox 1183 4147 1289 4210; x_wconf 81' lang='lat' dir='ltr'>Vindob.</span> <span class='ocrx_word' id='word_1_355' title='bbox 1311 4155 1387 4219; x_wconf 82' lang='lat' dir='ltr'>praef.</span> 
     </span>
     <span class='ocr_line' id='line_1_43' title="bbox 341 4219 1385 4284; baseline -0.002 -14"><span class='ocrx_word' id='word_1_356' title='bbox 341 4219 410 4282; x_wconf 83' lang='lat' dir='ltr'>cujus</span> <span class='ocrx_word' id='word_1_357' title='bbox 427 4221 524 4283; x_wconf 72' lang='lat' dir='ltr'>generis</span> <span class='ocrx_word' id='word_1_358' title='bbox 539 4227 598 4270; x_wconf 86' lang='lat' dir='ltr'>sunt</span> <span class='ocrx_word' id='word_1_359' title='bbox 611 4220 707 4270; x_wconf 81' lang='lat' dir='ltr'>codices</span> <span class='ocrx_word' id='word_1_360' title='bbox 721 4233 856 4274; x_wconf 64' lang='lat' dir='ltr'>sacrorum,</span> <span class='ocrx_word' id='word_1_361' title='bbox 885 4221 941 4269; x_wconf 91' lang='lat' dir='ltr'>Vol.</span> <span class='ocrx_word' id='word_1_362' title='bbox 954 4220 978 4269; x_wconf 89' lang='lat'>11</span> <span class='ocrx_word' id='word_1_363' title='bbox 990 4237 1013 4283; x_wconf 89' lang='lat' dir='ltr'>p.</span> <span class='ocrx_word' id='word_1_364' title='bbox 1024 4220 1096 4271; x_wconf 88' lang='lat' dir='ltr'>XVII</span> <span class='ocrx_word' id='word_1_365' title='bbox 1108 4227 1134 4270; x_wconf 86' lang='lat' dir='ltr'>et</span> <span class='ocrx_word' id='word_1_366' title='bbox 1145 4237 1168 4284; x_wconf 87' lang='lat' dir='ltr'>p.</span> <span class='ocrx_word' id='word_1_367' title='bbox 1181 4221 1228 4270; x_wconf 85' lang='lat'>559</span> <span class='ocrx_word' id='word_1_368' title='bbox 1240 4221 1310 4270; x_wconf 83' lang='lat' dir='ltr'>video</span> <span class='ocrx_word' id='word_1_369' title='bbox 1321 4236 1335 4271; x_wconf 81' lang='lat' dir='ltr'>e</span> <span class='ocrx_word' id='word_1_370' title='bbox 1346 4233 1385 4268; x_wconf 86' lang='lat' dir='ltr'>oo·</span> 
     </span>
     <span class='ocr_line' id='line_1_44' title="bbox 341 4285 1383 4348; baseline -0.002 -15"><span class='ocrx_word' id='word_1_371' title='bbox 341 4285 479 4334; x_wconf 81' lang='lat' dir='ltr'>litterarum</span> <span class='ocrx_word' id='word_1_372' title='bbox 495 4285 602 4336; x_wconf 80' lang='lat' dir='ltr'>hebraici</span> <span class='ocrx_word' id='word_1_373' title='bbox 616 4293 641 4334; x_wconf 90' lang='lat' dir='ltr'>et</span> <span class='ocrx_word' id='word_1_374' title='bbox 655 4285 736 4348; x_wconf 78' lang='lat' dir='ltr'>gracd</span> <span class='ocrx_word' id='word_1_375' title='bbox 751 4299 844 4333; x_wconf 83' lang='lat' dir='ltr'>sermo-</span> <span class='ocrx_word' id='word_1_376' title='bbox 868 4298 871 4304; x_wconf 92' lang='lat'>·</span> <span class='ocrx_word' id='word_1_377' title='bbox 885 4287 939 4335; x_wconf 87' lang='lat' dir='ltr'>dice</span> <span class='ocrx_word' id='word_1_378' title='bbox 953 4286 1083 4336; x_wconf 85' lang='lat' dir='ltr'>memorari</span> <span class='ocrx_word' id='word_1_379' title='bbox 1096 4301 1181 4335; x_wconf 80' lang='lat' dir='ltr'>vorsus</span> <span class='ocrx_word' id='word_1_380' title='bbox 1195 4285 1287 4335; x_wconf 87' lang='lat' dir='ltr'>Iliados</span> <span class='ocrx_word' id='word_1_381' title='bbox 1300 4285 1383 4334; x_wconf 75' lang='lat' dir='ltr'>istro.</span> 
     </span>
    </p>

    <p class='ocr_par' dir='ltr' id='par_1_7' title="bbox 318 4348 1385 4480">
     <span class='ocr_line' id='line_1_45' title="bbox 318 4348 1385 4413; baseline 0.003 -15"><span class='ocrx_word' id='word_1_382' title='bbox 318 4391 321 4398; x_wconf 78' lang='grc'>,</span> <span class='ocrx_word' id='word_1_383' title='bbox 341 4349 390 4408; x_wconf 86' lang='lat' dir='ltr'>uis,</span> <span class='ocrx_word' id='word_1_384' title='bbox 402 4350 429 4398; x_wconf 89' lang='lat' dir='ltr'>in</span> <span class='ocrx_word' id='word_1_385' title='bbox 440 4350 529 4412; x_wconf 83' lang='lat' dir='ltr'>quibus</span> <span class='ocrx_word' id='word_1_386' title='bbox 540 4365 652 4400; x_wconf 82' lang='lat' dir='ltr'>versuum</span> <span class='ocrx_word' id='word_1_387' title='bbox 671 4365 786 4400; x_wconf 88' lang='lat' dir='ltr'>numerus</span> <span class='ocrx_word' id='word_1_388' title='bbox 803 4351 845 4398; x_wconf 80' lang='lat' dir='ltr'>ad-</span> <span class='ocrx_word' id='word_1_389' title='bbox 884 4349 1030 4413; x_wconf 72' lang='grc' dir='ltr'>ΐιχιλιάδες,</span> <span class='ocrx_word' id='word_1_390' title='bbox 1048 4349 1088 4398; x_wconf 68' lang='lat' dir='ltr'>nai</span> <span class='ocrx_word' id='word_1_391' title='bbox 1102 4358 1132 4412; x_wconf 58' lang='grc' dir='ltr'>ᾖ.</span> <span class='ocrx_word' id='word_1_392' title='bbox 1146 4360 1172 4412; x_wconf 69' lang='grc' dir='ltr'>μ’.</span> <span class='ocrx_word' id='word_1_393' title='bbox 1206 4352 1240 4401; x_wconf 88' lang='lat' dir='ltr'>At</span> <span class='ocrx_word' id='word_1_394' title='bbox 1254 4352 1279 4400; x_wconf 89' lang='lat' dir='ltr'>in</span> <span class='ocrx_word' id='word_1_395' title='bbox 1298 4348 1385 4400; x_wconf 73' lang='lat' dir='ltr'>uostris</span> 
     </span>
     <span class='ocr_line' id='line_1_46' title="bbox 341 4416 1383 4480; baseline -0.002 -17"><span class='ocrx_word' id='word_1_396' title='bbox 341 4416 447 4475; x_wconf 82' lang='lat' dir='ltr'>scriptus</span> <span class='ocrx_word' id='word_1_397' title='bbox 469 4423 520 4464; x_wconf 79' lang='lat' dir='ltr'>ert:</span> <span class='ocrx_word' id='word_1_398' title='bbox 544 4418 608 4479; x_wconf 78' lang='lat' dir='ltr'>apud</span> <span class='ocrx_word' id='word_1_399' title='bbox 628 4417 740 4465; x_wconf 80' lang='lat' dir='ltr'>Alterum</span> <span class='ocrx_word' id='word_1_400' title='bbox 762 4423 845 4464; x_wconf 89' lang='lat' dir='ltr'>tamen</span> <span class='ocrx_word' id='word_1_401' title='bbox 885 4417 1064 4479; x_wconf 82' lang='lat' dir='ltr'>exemplaribus</span> <span class='ocrx_word' id='word_1_402' title='bbox 1083 4416 1190 4480; x_wconf 80' lang='lat' dir='ltr'>vulgatis</span> <span class='ocrx_word' id='word_1_403' title='bbox 1205 4431 1318 4466; x_wconf 85' lang='lat' dir='ltr'>versuum</span> <span class='ocrx_word' id='word_1_404' title='bbox 1337 4429 1383 4462; x_wconf 81' lang='lat' dir='ltr'>nu·</span> 
     </span>
    </p>
   </div>
   <div class='ocr_carea' id='block_1_5' title="bbox 0 0 1513 5052">
    <p class='ocr_par' dir='ltr' id='par_1_8' title="bbox 0 0 1513 5052">
     <span class='ocr_line' id='line_1_47' title="bbox 0 0 1513 5052; baseline 0 0"><span class='ocrx_word' id='word_1_405' title='bbox 0 0 1513 5052; x_wconf 95' lang='lat' dir='ltr'> </span> 
     </span>
    </p>
   </div>
  </div>
 </body>
</html>
