2998 5052
483 393 552 461 An
576 393 724 462 ILIAD.
747 399 783 460 T.
1091 401 1156 472 197

105 561 234 650 syllabis
248 580 287 630 ut
299 571 335 632 T.
352 569 417 632 284
431 566 493 655 λίγ’
507 567 610 634 lucitus
625 567 724 649 trinis,
739 595 769 634 us
782 561 955 634 contractis.
979 568 1012 636 in
1031 569 1091 638 hoc
1109 585 1154 639 ta'·

106 671 179 715 men
201 652 339 720 occurrit
361 652 468 719 maten.
493 655 611 720 isaeus
633 655 694 722 Od.
715 663 752 720 Δ.
773 657 845 727 259·
869 659 910 721 Θ.
930 659 1004 725 527·
1026 661 1062 723 Τ.
1077 661 1152 726 541.

105 735 207 803 Simili
221 740 319 806 modo
332 762 441 806 caussa
454 740 544 807 reddi
563 753 678 832 potest,
693 765 751 808 cur
764 742 860 808 verba
873 741 906 806 in
922 768 964 822 aa,
979 743 1154 832 penultima

104 824 201 889 modo
225 827 326 908 brevi,
353 827 447 893 modo
469 827 626 916 producta
648 839 821 894 occurrant
867 829 988 894 Caussa
1009 853 1067 895 cur
1090 845 1152 913 arag

105 935 188 991 aaa,
203 912 361 1001 producta
374 913 447 993 sint,
461 927 539 995 esto,
554 915 630 1004 quia
642 915 706 980 luit
719 920 798 980 erfo.
812 919 913 981 nfra.
957 918 1058 982 Recte
1071 917 1151 995 hoc:

104 995 266 1065 enimvero
279 1001 329 1066 vel
344 1001 387 1068 sic
401 1023 463 1066 usu
478 1025 515 1067 co
540 994 662 1068 'cocere
676 1025 799 1068 necesse
812 1013 871 1083 est,
887 1025 1042 1091 quaenam
1056 1005 1154 1071 verba

103 1081 158 1148 illa
172 1085 246 1166 sint,
261 1087 294 1151 in
309 1088 426 1176 quibus
444 1088 505 1154 hoc
528 1111 622 1154 ocum
634 1088 757 1154 habeat.
803 1089 962 1155 Revocavi
983 1091 1060 1157 haec
1081 1091 1153 1157 sim-

103 1169 229 1258 pliciter
241 1173 283 1238 ad
297 1174 438 1263 duplices
452 1177 620 1241 verborum
641 1175 768 1256 formas,
783 1175 912 1242 alteram
928 1176 1094 1265 producta,
1110 1178 1153 1246 sl-

105 1269 207 1324 teram
232 1274 376 1349 correpta
399 1261 515 1338 vocali;
539 1275 635 1350 atque
660 1285 712 1327 eas
734 1261 896 1328 discendas
917 1286 984 1328 esse
1008 1265 1153 1331 observa-

104 1343 199 1411 tione.
215 1370 245 1410 ν.
262 1349 397 1414 Excurs.
413 1348 454 1412 ad
469 1354 500 1413 Ρ.
542 1352 634 1414 .th

148 1433 313 1499 Bentleius
326 1435 435 1500 eodem
450 1459 481 1500 m
525 1435 592 1502 oin
606 1435 709 1503 verbis
722 1436 756 1500 in
770 1461 807 1501 aa
821 1449 854 1502 et
866 1463 911 1502 aa
923 1438 1153 1528 interposuerat

103 1520 221 1607 pesum
236 1520 412 1610 digamma:
436 1545 465 1586 vt
482 1546 509 1588 c.
523 1527 564 1587 N.
581 1524 645 1588 125
660 1527 848 1588 armarius.
863 1529 1012 1605 stuprat
1026 1531 1064 1591 Λ.
1077 1525 1150 1592 156.

103 1607 164 1684 τόξ’
179 1612 329 1693 apulam
344 1613 378 1672 Z.
391 1612 465 1675 322.
482 1608 648 1676 utilitatem
663 1609 800 1698 aliquam
814 1608 887 1674 hinc
901 1610 1073 1698 prolectam
1087 1633 1151 1678 non

25 1743 30 1749 .
103 1693 179 1758 vidi
225 1694 293 1760 Alii
313 1696 374 1761 hoc
395 1695 488 1761 etiam
510 1696 553 1762 ad
566 1696 663 1762 verba
683 1695 716 1760 in
738 1724 780 1760 aa
799 1695 943 1777 intulere,
960 1710 996 1762 ut
1010 1722 1151 1766 caussam

102 1804 162 1846 cur
176 1781 219 1846 aa
233 1783 470 1870 produceretur,
486 1781 618 1872 intelligi
632 1781 746 1848 vellent
761 1805 800 1849 ex
814 1805 863 1863 eo,
879 1783 967 1871 quod
984 1784 1058 1850 olim
1080 1786 1153 1852 scri-

104 1874 200 1956 'ptum
214 1883 294 1935 esset
308 1875 378 1935 afa.
425 1871 476 1936 Sic
489 1871 620 1954 μαιμᾶω,
633 1867 851 1953 impetuseror,
867 1893 907 1934 ex
921 1876 1068 1954 patpafoe.
1085 1873 1149 1939 iaia.

104 1954 183 2020 aava
197 1979 238 2021 ex
253 1962 339 2023 cala.
355 1961 471 2022 sassa*
509 1959 645 2023 Potuere
658 1956 735 2021 haec
748 1956 794 2022 ita
806 1979 839 2020 se
853 1956 968 2023 habere
977 1983 991 2032 ς,
1010 1959 1151 2026 fructum

104 2053 212 2108 nmen
233 2066 384 2132 magnum
403 2043 477 2109 inde
494 2043 613 2144 percipi
631 2042 718 2109 haud
732 2043 843 2121 ride03
867 2043 927 2109 nisi
943 2045 1074 2110 omnin'o
1085 2069 1151 2112 rem

103 2127 139 2193 in
157 2129 336 2218 generalem
355 2132 603 2197 observationem
616 2143 731 2210 vertas,
752 2143 789 2195 ut
810 2129 895 2195 dicas
911 2130 1067 2197 “vocales
1088 2145 1152 2199 tres

107 2217 311 2306 “ambiguas
325 2245 354 2282 α.
370 2245 387 2281 ι.
404 2245 430 2282 υ.
445 2217 572 2282 omnino
591 2240 631 2282 ex
650 2240 688 2281 eo
706 2216 853 2304 pendere,
869 2217 957 2305 quod
977 2218 1154 2306 antiquissi-

106 2304 204 2368 “mis
221 2304 376 2370 aetatibus
394 2303 428 2368 in
447 2303 516 2370 aliis
529 2304 660 2369 vocibus
679 2326 752 2370 cum
773 2303 983 2402 adspiratione
1003 2303 1153 2393 digemmi

105 2391 365 2480 “pronuntiatae
386 2391 529 2471 fuerunt,
548 2391 581 2455 in
601 2390 668 2456 aliis
690 2413 754 2454 non
864 2389 987 2455 mod0.”
1030 2393 1102 2457 Etsi
1116 2415 1154 2458 ea

105 2478 322 2544 observatione
344 2477 478 2544 admissa
499 2500 562 2544 non
584 2476 683 2565 magis
702 2476 768 2540 inte
793 2475 899 2564 gitur,
914 2499 1069 2564 quaenam
1082 2478 1154 2544 illae

106 2587 199 2717 pega
213 2565 287 2664 sint,
301 2565 335 2630 in
349 2563 466 2654 quibus
480 2563 650 2653 adspiratio
666 2562 720 2628 illa
738 2563 843 2628 locum
860 2563 1007 2630 habuerit
1017 2578 1077 2631 aut
1090 2588 1155 2632 non

170 2664 263 2716 uerit

266 2963 586 3048 nxcunsus
617 2965 705 3047 An
735 2963 925 3050 raian.
955 2983 995 3048 s.
1055 3060 1065 3071 ,

203 3143 256 3210 De
266 3145 384 3230 praelio
397 3156 507 3232 murto
521 3146 600 3211 inter
619 3143 768 3230 Trrp'aaos
782 3155 812 3209 et
825 3146 958 3210 Achivos
962 3142 1063 3227 sacto.

152 3258 231 3322 Post
252 3256 371 3358 praelia
390 3259 551 3348 superiora
571 3258 714 3348 exposita
731 3271 975 3326 consentaneum
989 3273 1047 3340 est,
1062 3258 1155 3326 etiam

108 3343 268 3409 maissimr
282 3344 392 3444 praelii
405 3345 565 3432 fortunam
579 3346 688 3433 paucis
701 3369 741 3412 ex
784 3368 869 3427 nere,
884 3347 917 3412 in
932 3371 1008 3436 quo,
1023 3345 1158 3435 reliquo-

109 3429 374 3583 fflffl
383 3431 473 3584 12¹2?
483 3432 568 3585 Atii
568 3432 1157 3586 lfflussfedmffiinhfisi

109 3604 260 3694 postremi
274 3628 347 3670 vere
362 3608 413 3671 Ac
437 3605 443 3618 “
469 3606 571 3672 eidem
584 3606 773 3672 constituere
787 3545 890 3672 videri
900 3545 1044 3673 delient.

154 3693 271 3780 Itaque
290 3691 537 3758 reconciliatione
555 3692 737 3776 concordiae
755 3693 837 3758 inter
850 3693 1009 3760 Achillem
1022 3709 1056 3760 et
1070 3697 1158 3782 Aga

109 3801 309 3846 memnonem
331 3778 421 3845 facta'
440 3803 528 3845 arma
550 3791 681 3845 sumunt
701 3778 829 3860 Achivi,
851 3779 1004 3870 novisque
1024 3781 1118 3846 armis
1139 3805 1159 3846 a

110 3875 211 3932 matre
232 3865 367 3954 acceptis
388 3865 455 3954 ipse
476 3865 618 3932 Achilles
639 3890 672 3932 se
692 3879 811 3932 mutat:
835 3873 870 3931 T.
886 3868 949 3934 351
966 3891 1012 3958 sq.
1031 3867 1108 3934 364-
1149 3917 1156 3930 .

105 3952 226 4041 junctis
240 3975 369 4040 quoque
380 3953 489 4018 currui
504 3953 604 4041 equis,
619 3977 664 4019 vs.
679 3956 744 4025 392
759 3977 804 4041 sq.
851 3953 902 4020 Sic
916 3953 949 4019 in
962 3891 1158 4043 pugnamhh

110 4039 238 4105 Achille
259 4039 439 4107 educuntur
456 4039 566 4128 'copiae
589 4039 628 4106 ll.
643 4047 680 4105 Τ.
703 4039 802 4106 itaut
816 4042 1037 4130 Agamemnon
1058 4040 1158 4105 ductu

109 4127 266 4192 exercitus
289 4133 412 4191 tantum
431 4149 496 4192 non
517 4126 642 4192 cessisse
655 4127 776 4193 Achilli
789 4127 849 4192 hoc
863 4127 914 4192 die
928 4126 1026 4192 videri
1040 4125 1156 4215 possit:

108 4213 188 4280 adeo
209 4212 351 4279 omnium
373 4236 479 4278 rerum
502 4236 625 4278 summa
648 4214 690 4278 ad
715 4236 817 4279 unum
839 4212 997 4278 Achillem
1022 4235 1042 4277 a
1065 4224 1160 4300 poeta

110 4301 256 4368 refertur.
302 4298 416 4366 Altera
437 4321 476 4365 ex
497 4314 587 4388 parte
607 4301 739 4390 Trojani
761 4323 899 4400 quoque,
944 4298 979 4363 ui
994 4297 1159 4390 ¹superiore

112 4387 161 4454 die
183 4413 204 4458 a
225 4385 334 4454 castris
355 4386 554 4455 Achivorum
576 4388 807 4542 oppugnandis,
832 4323 956 4454 Achille
981 4398 1158 4476 conspecto,

300 4504 304 4516 ·
589 4497 609 4540 o
