2998 5052
474 365 543 430 au
565 363 715 430 1L1An.
737 369 778 432 c.
793 369 846 430 sl.
1013 383 1015 388 ⁸
1125 370 1190 442 aro
1286 325 1292 338 ’

143 533 241 624 rupta
261 549 327 601 tam
349 536 455 624 dispar
476 549 553 616 erat,
577 536 738 603 Homerus
758 559 823 602 non
844 535 945 618 aliter,
965 561 1003 606 ac
1023 539 1137 606 nostris
1157 541 1191 608 in

145 623 257 688 scholis
272 623 437 702 tironibus,
446 645 561 688 vocum
574 623 792 688 discendarum
804 641 924 704 caussa,
939 624 1027 713 prael
1083 627 1191 710 batur,

144 709 306 774 doctrinae
320 723 353 774 et
366 709 551 776 eruditionis
565 709 754 776 Homericae
766 709 855 776 nulla
866 711 947 778 ratio
960 712 1042 780 habe
1083 727 1146 781 tur.
1180 718 1183 728 ’

190 797 275 860 Cum
296 797 330 861 in
351 796 483 862 lectione
503 795 731 877 constituenda,
754 810 787 863 et
811 797 844 862 in
868 797 1042 864 rationibus
1066 799 1191 882 criticis,

8 899 13 904 ·
36 906 41 914 ”
145 882 274 947 omnino
292 883 567 982 grammaticorum
586 884 755 948 auctoritas
768 907 834 948 esse
848 883 980 950 deberet
996 909 1129 968 summa,
1145 911 1192 952 se-

144 967 243 1034 riores
269 969 396 1034 omnino
418 969 547 1035 inertiae
568 981 601 1034 et
622 969 780 1038 socordiae
806 983 879 1036 sunt
904 972 1080 1051 accusandi,
1103 973 1191 1074 quod

144 1077 203 1120 nec
222 1055 283 1145 ipsi
300 1056 341 1120 de
362 1055 501 1121 lectionis
515 1055 646 1122 veritate
665 1056 858 1136 laborarunt,
873 1080 931 1122 nec
952 1081 991 1122 ex
1010 1059 1192 1148 autiqmori-

145 1141 208 1206 bus
222 1140 387 1206 varietates
398 1157 438 1226 ¹et
454 1142 575 1230 judicia
595 1143 750 1231 exscripta
771 1156 953 1219 servarimt3
977 1169 1043 1233 qua
1059 1145 1092 1210 in
1106 1169 1142 1212 re
1154 1146 1194 1212 iis

143 1251 210 1292 non
224 1251 338 1316 parum
352 1227 457 1293 obfuit
471 1229 684 1318 superstitiosa
702 1229 876 1294 reverentia
894 1243 1016 1317 poetae,
1031 1232 1138 1320 opinio
1151 1233 1191 1298 de

145 1313 338 1402 perfectione
364 1337 486 1380 summa
504 1316 654 1380 carminis
678 1315 840 1404 ipsiusque
863 1315 1002 1381 lectionis
1025 1317 1080 1382 vul
1121 1332 1190 1386 tae:

170 1401 205 1465 ui
218 1401 303 1465 enim
319 1424 375 1471 ex,
438 1425 481 1467 uo
501 1401 690 1490 impossibile
711 1402 933 1481 esse'aiebant,
951 1343 1182 1485 (Macrodeat

147 1421 187 1566 i,
198 1490 245 1574 5.)
260 1486 311 1551 vel
326 1489 349 1552 J
351 1487 402 1551 ovi
430 1489 548 1567 ulmen‚
563 1487 613 1552 vel
629 1488 762 1553 Herculi
775 1487 907 1567 clavam,
918 1489 968 1552 vel
981 1511 1107 1554 versum
1122 1493 1193 1558 Ho-

136 1595 235 1663 mero
249 1572 443 1653 subtrahere,
458 1573 503 1638 illi
516 1597 557 1640 ne
571 1574 730 1640 minimam
745 1575 873 1663 quidem
890 1575 1002 1662 judicii
1015 1575 1080 1640 vim
1094 1576 1135 1641 ad
1149 1578 1193 1643 le-

146 1659 259 1724 ctionis
280 1659 373 1726 crisin
394 1661 504 1725 afferre
525 1661 671 1726 debuere.
717 1663 829 1727 Genus
850 1674 897 1726 est
918 1663 1192 1750 grammaticarum

131 1746 401 1814 observationum
422 1747 600 1813 nominibus
619 1748 752 1829 ζητήσεων
766 1761 799 1814 et
812 1749 918 1813 λύσεων
937 1749 1190 1836 frequentatum:
1211 1760 1216 1766 ’

146 1832 319 1932 dequibus
338 1829 416 1898 mihi
433 1833 534 1898 multa
551 1833 710 1921 praeclara
727 1834 906 1922 pollicebar,
921 1859 994 1900 cum
1008 1836 1094 1901 hunc
1107 1835 1194 1902 labo-

146 1941 215 1984 rem
243 1942 382 2007 primum
410 1920 606 2009 aggrederer.
651 1920 767 1986 Multis
787 1920 890 1986 verbis
913 1920 1033 2010 jactata
1056 1922 1085 1987 le
1124 1945 1193 1990 ram
1324 1925 1327 1931 ’

147 2008 198 2071 Ρο
236 2005 320 2094 hyrii
358 2008 487 2090 ησῆμστα
502 2031 520 2072 e
536 2008 615 2074 Cod.
631 2007 779 2074 Leidensi
793 2007 923 2094 vulgata
943 2009 985 2073 ad
1005 2009 1059 2075 lib.
1114 2011 1192 2075 XII

149 2029 268 2158 Iliddis.
292 2092 382 2158 Nihil
395 2107 500 2158 tamen
514 2093 552 2158 iis
562 2093 627 2158 vidi
637 2093 789 2182 jejunius,
800 2117 873 2158 cum
887 2095 927 2159 de
941 2095 1072 2160 veritate
1085 2109 1118 2161 et
1132 2096 1194 2164 uti-

145 2179 236 2244 litate
249 2181 291 2246 ad
305 2192 415 2268 poetae
434 2180 721 2268 interpretationem
735 2203 924 2267 quaererem.
971 2181 1080 2248 Multo
1100 2183 1194 2270 plura

81 2267 84 2275 ’
146 2290 168 2331 a
185 2290 237 2330 me
251 2291 269 2330 e
285 2266 416 2332 Scholiis
434 2278 542 2331 notata
558 2290 616 2354 per
637 2279 740 2331 totum
760 2267 1029 2332 Commentarium
1046 2270 1192 2368 reperies,

26 2421 31 2428 ,
147 2353 284 2418 maxime
306 2377 346 2417 ex
367 2355 488 2417 Veneto
510 2355 548 2418 R
572 2354 626 2418 sed
688 2375 748 2417 ura
768 2351 802 2416 in
822 2352 860 2416 iis
880 2353 984 2418 bonae
1005 2355 1107 2442 frugis
1128 2379 1194 2420 esse

146 2462 272 2505 mecum
286 2439 441 2506 fateberis.
488 2438 644 2527 Superio'
670 2463 708 2502 us
722 2438 811 2504 annis
829 2438 1020 2526 antiquiores
1038 2463 1193 2526 gramma.

148 2525 202 2591 tici
216 2526 297 2593 votis
312 2526 531 2592 communibus
544 2525 772 2612 expetebantur
782 2550 801 2600 ;·
816 2524 932 2612 quibus
946 2524 979 2588 in
991 2524 1093 2590 lucem
1107 2531 1193 2592 nuno

147 2613 324 2702 protractis,
346 2611 514 2677 immortali
538 2611 571 2676 in
594 2611 680 2675 rimis
700 2610 863 2676 Villoisoni
886 2611 1048 2691 beneficio,
1070 2627 1196 2701 reperta

148 2713 224 2766 sunt
245 2701 345 2767 multa
366 2715 498 2788 magnae
519 2698 563 2763 u'
590 2698 662 2764 tatis
678 2697 711 2762 in
725 2697 848 2772 critica3
872 2711 905 2763 et
918 2697 958 2763 de
971 2697 1105 2764 lectione
1116 2701 1194 2766 Asi-

136 2787 291 2852 *starchea
310 2785 412 2852 multo
432 2785 544 2851 melius
564 2807 660 2865 nunc,
675 2807 772 2872 quam
790 2797 893 2864 antea,
902 2798 1041 2873 constat.
1081 2787 1196 2876 Longe

148 2886 255 2939 tamen
269 2873 418 2939 absumus
432 2897 452 2938 a
465 2871 576 2938 notitia
596 2884 741 2936 accurata
760 2870 901 2936 lectionis
920 2871 1103 2958 antiquioris
1119 2889 1193 2938 ante

140 2959 390 3035 Aristarchum
414 2960 505 3049 cujus
514 2957 671 3048 judicium
685 2957 718 3022 in
732 2957 872 3023 lectionis
893 2956 1115 3044 dijudicatione
1129 2981 1194 3024 non

148 3069 273 3136 semper
286 3045 413 3135 probari
429 3070 520 3135 posse
541 3068 632 3134 saepe
646 3043 791 3109 vidimus.
836 3045 926 3109 Tum
945 3043 991 3108 illi
1011 3044 1139 3109 haerent
1156 3045 1194 3110 ,jn

148 3133 291 3214 minutis,
305 3145 416 3198 notant
429 3133 522 3199 obvia
536 3156 573 3198 ac
586 3130 730 3220 vulgaria
742 3154 823 3219 quae
837 3130 894 3217 qui
908 3129 958 3194 vel
977 3129 1086 3218 primis
1104 3130 1194 3196 labiis

69 3279 71 3288 ,
140 3219 256 3320 attigit
272 3219 421 3300 criticam,
436 3217 532 3299 tenet,
548 3231 759 3316 repetuntque
781 3241 818 3282 ea
838 3241 875 3282 ac
893 3228 1070 3305 recoquunt
1086 3218 1130 3283 ad
1147 3220 1194 3284 fa-

137 3307 298 3382 ¹stidlum3
321 3306 358 3375 iu
373 3305 570 3394 gravioribus
585 3319 617 3370 et
631 3304 873 3384 obscurioribus,
889 3303 1040 3392 suspectis
1054 3328 1192 3393 quoque,

138 3405 262 3460 tacent.
309 3395 410 3480 Saepe
424 3415 551 3480 quoque
569 3391 746 3457 defendunt
761 3390 900 3457 absurda
916 3404 948 3455 et
962 3404 1092 3456 tuentur
1109 3393 1196 3458 lecti-

147 3504 225 3546 ones
238 3478 351 3546 merito
363 3481 500 3569 rejectas.
532 3481 586 3544 Ex
600 3477 752 3543 similibus
765 3477 840 3543 locis
854 3478 1024 3542 observatis
1037 3477 1196 3545 adductus

138 3581 208 3653 -est,
224 3579 262 3631 ut
280 3565 402 3654 opinor,
416 3565 454 3646 is,
469 3565 526 3654 qui
547 3578 658 3630 acutus
678 3587 745 3630 esse
763 3564 899 3642 volebat,
919 3587 1055 3652 cumque
1074 3566 1197 3652 quaesi-

149 3667 220 3718 tum
238 3666 329 3732 esset,
343 3653 503 3741 quodnam
525 3651 685 3740 exemplar
704 3673 764 3739 pro
784 3650 1033 3718 emendatissimo
1054 3651 1196 3733 haberet,

148 3739 230 3805 illud
244 3739 358 3827 inquit,
374 3740 461 3827 quod
475 3739 582 3828 nullus
595 3737 817 3838 grammaticus
830 3737 974 3803 correxit
1018 3739 1042 3802 J
1043 3761 1133 3812 ocose
1147 3739 1194 3802 di-

148 3838 238 3892 ctum
258 3826 452 3906 habendum,
472 3849 536 3892 non
557 3828 691 3890 serrum!
730 3825 895 3888 Hactenus
916 3823 1025 3890 saltem
1046 3848 1195 3890 censurae

148 3913 326 3979 accedimus
347 3906 515 3978 acutissimi
536 3911 595 3976 viri
617 3907 743 3998 Knight
758 3933 790 3999 p.
808 3909 858 3980 77.
875 3912 926 3979 78.
971 3911 1067 3990 Quod
1087 3923 1194 3976 autem
1292 3931 1294 3934 ·

148 4000 201 4065 vel
222 3999 358 4065 maxime
378 3999 459 4064 male
476 4021 536 4064 nos
555 3998 662 4077 habet,
678 4010 735 4078 est,
751 3997 840 4096 quod
853 4009 917 4064 tam
938 4020 1051 4085 parum
1066 3996 1194 4063 definite

150 4087 273 4153 criticas
296 4085 432 4152 rationes
456 4085 623 4151 dubitandi
643 4097 700 4150 aut
718 4083 879 4173 rejiciendi
896 4083 1059 4148 lectionem
1077 4084 1193 4149 consti·

152 4187 248 4240 tuunt
270 4184 407 4238 veteres:
431 4173 583 4236 ἀθετεῖσθαι
605 4169 730 4236 ve'rsum
755 4169 855 4248 aiunt,
881 4193 955 4247 non,
978 4168 1066 4256 quod
1090 4170 1193 4258 primo

145 4259 301 4340 'locoerat
314 4258 563 4340 memorandum,
578 4256 654 4346 quia
666 4253 833 4323 auctoritas
846 4255 988 4322 codicum
1007 4266 1064 4320 aut
1084 4280 1193 4324 eorum
1247 4317 1249 4320 .

151 4347 346 4426 adversatur,
373 4344 429 4435 qui
457 4343 550 4433 primi
578 4368 597 4410 e
624 4343 853 4435 rhapsodorum
881 4341 1113 4410 recitationibus
1140 4346 1194 4411 de-
