2998 5052
359 359 422 430 192
712 355 965 424 EXCURSUS
988 356 1045 420 1v.

356 530 482 594 mineris
496 528 680 628 antiquitus,
695 529 837 618 inprimis
850 527 891 593 ab
906 527 1032 606 Atticis,
1045 526 1138 592 etiam
1153 525 1298 614 spiritum
1312 546 1392 612 aspe«

355 639 427 680 rum
450 617 553 681 media
573 638 606 679 m
625 639 700 682 voce
720 615 940 703 interpositum
960 614 1073 678 fuisse:
1097 613 1189 701 cujus
1203 635 1279 677 usus
1292 611 1392 676 etiam-

356 725 434 768 num
456 714 624 792 supersunt
649 703 792 790 exempls
813 702 845 766 in
867 699 1141 789 grammaticorum
1161 697 1390 764 commentariis.

290 825 293 840 ι
360 788 411 853 Sic
432 795 532 869 ἀὲκνιν,
556 802 593 853 ut
613 792 722 852 efesus
743 789 822 852 fuit:
847 812 876 851 V.
897 788 938 852 ad
963 794 997 850 E.
1015 785 1079 852 164·
1099 785 1214 860 elimes.
1237 787 1390 872 παρέξεται.

355 872 452 959 tapes
465 875 571 950 envas.
586 877 739 956 μελιὴδηςῑ.
786 873 872 952 Quid
886 874 974 960 quod
994 873 1088 938 etiam
1107 885 1234 936 tenuem
1253 869 1390 958 spiritum

356 961 568 1048 appinxerunt
584 960 726 1046 (ἔιΙιῖλονν)
742 961 775 1026 in
789 966 939 1034 Φιλῖπος.
954 965 1144 1033 Μελανῖπνς.
1161 958 1348 1040 Εναῖμονιδης.
1362 979 1389 1020 v.

357 1047 448 1112 Obss.
474 1047 516 1111 ad
541 1052 577 1109 E.
598 1045 640 1114 76
664 1045 774 1125 ξυνὲηκε
795 1047 829 1110 in
850 1045 954 1110 codice
979 1047 1096 1109 Veneto
1118 1043 1271 1131 scriptum
1291 1043 1390 1120 fuisse,

356 1155 420 1196 non
439 1137 487 1212 ξυν
509 1139 570 1211 ἕηκε
591 1130 630 1196 Il.
647 1137 683 1196 A.
699 1135 729 1196 8.
751 1132 836 1198 disco
855 1156 895 1196 ex
911 1130 1071 1196 Villoisoni
1086 1132 1123 1195 V.
1140 1132 1177 1195 C.
1194 1128 1354 1196 Distribe.'
1362 1152 1389 1216 p.

400 1305 524 1383 Quibus
537 1305 570 1369 in
580 1305 709 1369 vocibus
723 1329 759 1396 ac
773 1304 847 1368 locis
858 1304 1052 1391 digammum
1062 1303 1180 1368 medias
1192 1325 1323 1390 quoquc
1337 1301 1393 1390 syl-

355 1388 440 1456 labas
454 1390 619 1456 invaserit:
642 1389 866 1455 observationis
880 1413 930 1454 res
944 1405 1010 1465 est;
1035 1411 1131 1477 quam
1145 1389 1320 1454 admodum
1332 1400 1392 1452 tur·

355 1477 442 1542 bavit
462 1476 668 1543 inconstantia
690 1501 776 1556 usus,
797 1477 831 1540 in
851 1476 961 1541 iisdem
983 1499 1074 1564 saepe
1095 1475 1232 1542 vocibus.
1279 1477 1330 1539 Ea
1348 1497 1392 1537 res

354 1563 445 1628 valde
460 1563 540 1628 male
554 1563 708 1628 habuerat
721 1563 911 1642 Bentleiuin,
949 1563 983 1628 ui
1002 1562 1138 1650 plurima
1155 1561 1225 1627 loca
1244 1561 1392 1649 corrigere

355 1673 520 1739 aggressus
543 1651 638 1716 modo
656 1650 726 1730 hoc,
742 1649 836 1715 modo
855 1589 949 1716 aliud
955 1662 1138 1714 tentaverat.
1160 1648 1205 1713 ita
1219 1655 1318 1730 εξειπιν
1331 1670 1390 1712 cor-

356 1737 438 1802 rexit
451 1742 578 1802 εκὴιπω.
595 1740 704 1824 οὐρανὸν
722 1734 869 1816 εἰσανιδών,
884 1760 957 1801 cum
974 1736 1102 1801 deberet
1120 1758 1186 1800 esse
1206 1737 1391 1813 accession,

354 1823 489 1889 correxit
503 1822 638 1908 εισορόινν,
652 1835 685 1888 et
698 1822 741 1888 sic
754 1822 876 1888 infinita
889 1822 957 1888 alia.
1002 1821 1159 1888 Omnibus
1172 1821 1256 1887 inter
1271 1844 1304 1886 se
1317 1843 1391 1885 oom-

354 1909 482 1996 paratis,
508 1907 657 1989 intellexi,
681 1909 783 1996 primo
804 1908 914 1974 classes
936 1909 1168 1974 constituendas
1193 1931 1262 1972 csse
1286 1929 1391 1972 vocum

356 1996 536 2078 simpliciam
550 2007 582 2060 et
595 2018 708 2060 vocum
723 1997 969 2079 compositurnm
990 1995 1178 2083 compositae
1192 1994 1309 2058 iterum
1322 1993 1392 2057 eliae

354 2104 427 2146 cum
452 2081 675 2164 praepositione
702 2083 883 2164 conpositae
907 2094 991 2162 sunt,
1017 2081 1095 2146 aliae
1120 2081 1196 2146 binis
1220 2081 1388 2146 νιονιιὶνιὸνν.

353 2170 501 2254 Agamus
514 2166 617 2255 primo
630 2167 670 2232 de
684 2169 854 2251 conpositis
867 2169 993 2234 vonna.

399 2256 441 2319 In
454 2255 625 2337 eompositis
636 2253 743 2342 itaque
755 2255 877 2319 vocibus
890 2253 1049 2342 digamma
1067 2253 1173 2319 locum
1187 2252 1248 2318 sibi
1262 2251 1390 2318 vindicat
1486 2279 1487 2290 ι

348 2341 424 2429 jure
438 2365 506 2420 suo,
543 2339 644 2405 uoties
657 2339 845 2428 praepositio
882 2340 1027 2405 rsemi'ssa
1045 2355 1092 2405 est
1106 2341 1213 2420 verbo,
1228 2339 1319 2426 quod
1335 2338 1390 2426 pri-

353 2450 438 2492 mam
460 2426 538 2514 sylla
625 2425 747 2491 orditur
761 2449 814 2490 av
883 2426 980 2492 'cum
994 2427 1161 2514 digammo.
1208 2426 1244 2491 Si
1261 2431 1389 2508 tensanus

353 2519 411 2592 est,
426 2525 558 2600 expecto
578 2513 700 2601 utique,
715 2536 781 2578 esse
795 2537 923 2600 quoque
937 2517 973 2576 Α
991 2516 1055 2579 546
1069 2517 1222 2578 iettensis.
1248 2525 1282 2576 et
1301 2512 1389 2598 hujus

393 2599 475 2663 neris
502 2598 651 2686 pleraque
675 2600 742 2686 jam
768 2599 801 2662 in
826 2598 984 2688 superiore
1010 2622 1140 2664 recensu
1165 2598 1388 2686 adscripsimus.

372 2709 394 2748 n
407 2685 467 2749 hoc
481 2697 586 2750 tamen
599 2708 713 2772 genere
727 2685 786 2749 sibi
799 2708 863 2750 non
876 2684 1014 2750 constitit
1028 2708 1105 2749 usus
1119 2684 1327 2750 Homericus:
1343 2707 1388 2750 ve-
1485 2687 1486 2698 ’

351 2793 424 2836 rum
449 2770 483 2834 in
507 2769 684 2860 compositis
708 2770 838 2836 vocibus
858 2771 953 2836 modo
975 2770 1125 2860 digammi
1147 2771 1227 2836 ratio
1250 2772 1387 2848 habetur,

351 2858 446 2923 modo
461 2857 587 2922 omnino
600 2857 707 2933 nulla;
728 2870 760 2922 et
773 2857 806 2921 in
821 2857 869 2922 his
880 2857 1083 2924 manifestum
1092 2858 1141 2939 fit,
1154 2857 1250 2924 metri
1263 2857 1388 2924 rationes

350 2943 535 3033 praetulisse
547 2958 663 3033 poetas.

394 3033 444 3098 Ut
461 3054 560 3096 unum
577 3043 701 3096 tantum
714 3030 766 3096 vel
787 3030 929 3096 alterum.
942 3029 1121 3118 exemplum
1142 3052 1386 3108 commemorem,

352 3120 441 3196 testa,
465 3119 563 3198 indeo,
590 3119 677 3184 noni:
700 3141 740 3182 ex
766 3141 803 3182 eo
825 3116 997 3207 composita
1021 3131 1191 3184 occununt
1215 3121 1386 3201 leuissimi.
1484 3144 1485 3167 ι

350 3205 490 3291 separate.
506 3207 647 3291 segetibus.
693 3206 760 3268 Nec
774 3203 878 3269 minus
892 3218 996 3270 tamen
1009 3202 1160 3292 leguntur
1173 3205 1322 3270 sinanicis.
1337 3207 1388 3267 im·

350 3290 447 3354 διιῦσα.
470 3289 574 3354 istisin
597 3291 756 3355 ἐκκατιδών.
784 3293 885 3372 ignitis.
910 3289 1093 3379 egredictur.
1140 3290 1196 3357 Ab
1218 3290 1287 3356 ἔπιν.
1309 3296 1384 3355 fera.

351 3388 426 3440 sunt
439 3377 606 3441 ἄποήινιειν.
621 3378 804 3460 διαῗιιπέμεν.
820 3381 973 3459 μετιῖεινιε.
988 3382 1160 3465 sponsione.
1183 3401 1257 3443 cum
1279 3376 1327 3441 his
1346 3389 1387 3439 ta·

350 3483 423 3526 men
434 3483 564 3549 quoque
578 3463 690 3526 διεινιῖν.
718 3469 757 3526 K.
775 3465 838 3527 425
852 3462 933 3526 utens
946 3488 1003 3544 μοι.
1018 3485 1048 3526 v.
1065 3463 1158 3538 Obss.
1174 3462 1270 3528 ἐνέπω.
1286 3460 1382 3528 ἐννέπω.
1483 3475 1484 3496 ¹

351 3546 438 3613 inne
456 3553 571 3612 Μοῦσα.
594 3546 653 3611 nisi
673 3547 769 3628 dicas,
791 3547 850 3612 hoc
871 3549 990 3613 factum
1012 3572 1052 3613 ex
1074 3556 1176 3616 svfsss.
1196 3552 1322 3628 ἐξειπεῖν.
1335 3559 1382 3610 ut:

349 3633 442 3700 αὐτίκ’
453 3632 486 3697 ἂν
497 3633 607 3713 ἐξείποι.
623 3660 771 3721 nupsisses,
781 3634 821 3700 de
854 3659 897 3699 uo
906 3634 1091 3701 dubitabam
1101 3636 1143 3702 ad
1156 3644 1192 3700 A.
1202 3640 1277 3702 555.
1294 3639 1327 3698 Ζ.
1336 3633 1382 3698 62.

393 3721 469 3807 ἆρόν).
488 3724 584 3806 Ἑερνω,
602 3724 705 3805 Ριιρνιν.
728 3659 919 3808 Ροῑεεῐᾟὶιιο
932 3744 997 3786 esse
1010 3727 1159 3810 spefspvu.
1176 3728 1305 3810 sofepuu.
1341 3721 1383 3783 At

347 3829 404 3873 nec
418 3805 522 3872 minus
536 3806 641 3893 ὄξερῦω.
658 3805 776 3904 ἐξέρυσε.
793 3806 923 3891 ἑξιίρνσε.
940 3811 1063 3895 irrepens.
1079 3833 1233 3898 narstpucs.

380 3971 392 3995 ⁸
407 3961 502 4011 Notata
517 3975 556 4009 res
571 3960 662 4023 passim
676 3968 727 4018 eta
737 3960 849 4024 pluribus¹
889 3961 944 4010 dem
962 3975 1050 4024 genere
1066 3967 1104 4010 est
1116 3961 1226 4026 sentam
1239 3963 1270 4011 de
1280 3974 1328 4024 quo
1338 3957 1383 4007 dis·

347 4034 404 4092 post
414 4025 586 4078 Csssubonurn
598 4027 629 4073 sd
638 4026 800 4086 Athenaeum,
813 4035 849 4074 et-
889 4033 975 4088 putsta
984 4032 1043 4077 sunt
1053 4033 1105 4074 tsm
1120 4027 1197 4076 mults
1208 4026 1292 4076 avitis
1302 4023 1382 4073 doctis

346 4093 397 4144 lam
407 4091 433 4140 in
444 4090 585 4153 vulgaribus
602 4090 769 4154 grammaticis
781 4105 850 4154 gras-
890 4091 986 4139 Mentio
997 4091 1050 4152 ejus
1060 4091 1125 4139 iacta
1131 4090 1184 4152 jam
1195 4107 1268 4155 supra
1278 4092 1381 4139 Excumn

346 4159 382 4207 cis
393 4163 422 4207 ut
431 4156 531 4206 Caninii
545 4162 572 4204 et
587 4154 692 4204 Fischcri
709 4155 849 4204 adWeller.
890 4155 926 4204 11.
938 4156 1029 4216 pals.
1062 4155 1189 4218 Digammi
1204 4166 1277 4206 nsunt
1293 4155 1319 4203 in
1334 4166 1381 4202 me·

346 4223 421 4273 Nunc
436 4221 464 4270 in
481 4220 577 4269 Villois.
596 4219 805 4284 Proleg..1(nigbt
823 4236 848 4283 p.
889 4219 938 4268 diis
959 4220 1059 4270 vocibus
1082 4227 1185 4270 testetur
1209 4222 1263 4270 loeo
1285 4218 1379 4270 classico

347 4287 388 4335 97.
404 4293 430 4335 et
442 4286 474 4335 sl.
507 4285 546 4334 Ex
563 4285 691 4334 Euststhio
708 4285 778 4348 plura
793 4285 849 4334 loca
887 4284 1027 4334 Priscianus
1039 4301 1062 4347 p.
1073 4285 1131 4338 547.
1146 4286 1227 4338 locum
1241 4286 1305 4340 inita
1319 4297 1379 4333 eom·

347 4349 475 4418 sdsoipsit
491 4349 598 4412 Bargose
613 4365 637 4412 p.
650 4350 717 4398 xtv.
751 4351 790 4400 lix
806 4363 848 4400 eo-
889 4349 1037 4398 memorabo.
