3026 5056
297 361 403 444 2„
534 443 537 448 Ι
664 351 917 418 uncunsus
949 353 977 416 1³
1061 368 1064 384 ·

296 529 366 609 mit,
392 539 448 594 aut
470 527 495 592 si
521 525 619 592 aciem
643 537 783 619 pererrat
809 525 872 591 sive
896 526 974 613 ipsa,
999 525 1062 590 sive
1085 527 1256 626 Neptunus
1281 524 1346 590 sive

298 619 407 692 Mars;
431 628 463 680 et
481 615 579 701 hujus
622 613 721 678 eneris
743 626 817 678 sunt
836 613 1019 687 innumera3
1043 613 1123 678 bene
1137 611 1279 700 intelligo
1293 611 1347 676 tri-

296 703 353 767 bui
375 703 451 766 haec
472 700 578 766 omnia
599 639 669 780 diis,
685 724 766 788 quae
789 697 856 764 sine
876 723 985 766 eorum
1006 699 1182 765 interventu
1199 724 1239 764 ex
1254 699 1345 764 solito

296 813 403 854 rerum
429 788 622 876 agendarum
643 787 737 852 modo
763 801 795 852 et
815 787 925 852 ordine
948 801 1123 852 evenerant
1163 789 1211 851 ¹ln
1226 786 1346 855 iisdem

293 876 390 940 'video
409 875 569 940 interdum
583 888 668 939 certo
683 874 811 940 oonsilio
825 897 861 938 ac
875 874 992 940 dilectu
1006 875 1081 939 deos
1095 873 1247 953 adluberi,
1264 873 1347 938 utin

297 961 430 1027 consiliis
444 961 629 1049 prudentiae
645 961 833 1026 Minervam.

341 1053 373 1114 N
375 1073 416 1114 on
433 1073 497 1113 uua
515 1049 622 1136 itaque
637 1072 656 1112 a
670 1049 789 1114 ratione
804 1061 835 1112 et
849 1047 977 1114 consilio
997 1048 1192 1114 interventus
1213 1047 1345 1112 deorum

298 1137 412 1224 petitos
437 1160 502 1200 esse
524 1160 563 1200 ex
589 1134 638 1198 his
662 1135 737 1222 ipsis
754 1135 962 1218 'manifestum
984 1135 1029 1198 fit.
1075 1135 1207 1200 Utinam
1230 1147 1348 1197 tenere-

297 1246 379 1302 mus,
395 1247 476 1311 quae
491 1247 531 1286 ex
545 1222 595 1285 his
609 1235 720 1309 poetas
733 1221 859 1309 ingenio
873 1235 905 1286 et
918 1222 1045 1286 invento
1059 1221 1166 1286 debita
1181 1221 1261 1285 sint!
1286 1220 1348 1284 Vix

299 1309 382 1374 enim
397 1309 462 1398 ipse
481 1309 515 1373 in
533 1321 637 1374 totum
659 1309 719 1372 hoc
740 1331 840 1396 genus
884 1308 983 1372 rimus
1004 1307 1123 1387 incidit,
1139 1308 1194 1372 sed
1206 1308 1279 1394 jam
1301 1330 1349 1371 re·

297 1398 416 1482 gnabat
430 1418 493 1459 non
508 1395 603 1460 modo
617 1395 670 1458 illa
683 1396 844 1482 persuasio
859 1332 899 1459 de
913 1394 1046 1459 deorum
1067 1393 1294 1459 interventibus
1315 1393 1349 1458 iu

298 1484 393 1546 rebus
415 1482 571 1561 humanis,
587 1504 699 1546 verum
721 1483 754 1545 in
776 1483 870 1546 rebus
893 1481 1041 1570 Trojanis
1058 1483 1126 1567 jam
1147 1493 1252 1568 partes
1274 1503 1348 1544 suae

298 1568 358 1633 diis
383 1581 456 1634 ante
477 1581 603 1655 poetam
624 1568 657 1631 in
682 1569 819 1656 antiquis
844 1567 1033 1632 carminibus
1058 1567 1232 1654 assignatae
1253 1568 1349 1632 fuisse

297 1655 456 1734 videntur,
472 1655 517 1719 ita
538 1668 575 1718 ut
596 1653 648 1718 ille
670 1654 798 1719 invento
817 1653 1030 1740 antiquiorum
1050 1666 1204 1733 uteretur,
1219 1654 1350 1718 feliciter

297 1743 420 1830 utique,
435 1742 518 1805 forte
531 1740 652 1804 felicius
667 1765 712 1828 qu
755 1765 796 1805 ue
812 1740 899 1815 aliis3
924 1741 964 1804 de
986 1741 1103 1828 quibus
1124 1741 1195 1827 quis
1216 1763 1352 1806 asserere

297 1828 418 1916 aliquid
432 1827 537 1892 ausit?
560 1765 833 1914 conjectariqlicet.
880 1827 1059 1911 Conjuncta
1073 1841 1120 1892 est
1134 1829 1194 1892 ista
1208 1827 1350 1915 quaestio

298 1937 371 1979 cum
393 1913 507 1979 altera:
532 1924 571 1978 ex
592 1915 725 1978 narratis
746 1915 787 1980 ad
811 1915 943 2002 Trojam
964 1915 1060 2001 gestis
1081 1938 1236 2002 quaenam
1251 1914 1351 1980 videri

298 2001 417 2089 possint
442 2001 528 2066 fama
551 2014 688 2088 accepta,
707 2016 763 2068 aut
783 2025 802 2066 a
822 2015 916 2088 poeta
938 2001 1074 2081 inventa,
1097 2014 1153 2066 aut
1172 2009 1296 2066 mutata
1317 2010 1349 2064 et

298 2101 418 2167 ornata,
434 2087 479 2152 ita
494 2100 531 2152 ut
546 2087 716 2152 sollennem
733 2089 800 2175 jam
824 2087 1019 2175 superiorum
1036 2099 1146 2153 vatum
1166 2111 1284 2153 morem
1306 2111 1352 2152 se-

297 2188 450 2262 queretur
471 2175 503 2238 in
526 2197 574 2254 eo,
590 2177 681 2324 cqpus
703 2197 787 2248 nunc
809 2175 871 2254 ille,
888 2175 1117 2263 antiquioribus
1139 2174 1269 2254 arnissis,
1287 2173 1351 2262 pri-

298 2283 369 2326 mus
391 2262 481 2328 nobis
496 2274 606 2327 auctor
642 2263 764 2326 abetur.
795 2264 848 2326 De
862 2262 979 2349 quibus
993 2284 1065 2326 curn
1080 2261 1158 2326 nihil
1173 2261 1263 2326 nobis
1277 2283 1350 2325 con-

231 2407 233 2414 .
299 2361 370 2427 stet,
398 2372 465 2428 nec,
492 2349 577 2412 omni
603 2349 779 2436 antiquiore
804 2349 889 2414 fama
913 2349 1040 2427 abolita,
1064 2349 1184 2437 aliquid
1209 2359 1350 2412 constare

298 2436 407 2522 possit,
423 2436 542 2501 frustra
564 2437 604 2500 de
628 2436 761 2500 Homeri
783 2436 908 2523 ingenio
930 2436 1119 2524 disputatur.
1165 2435 1279 2500 Malim
1293 2435 1351 2499 ita·

299 2546 363 2608 que
378 2523 622 2610 disputationem
638 2523 694 2588 ubi
718 2547 756 2587 ue
771 2523 812 2588 ad
827 2523 931 2610 ipsum
953 2545 1079 2587 carmen
1101 2523 1278 2602 transferre,
1293 2545 1350 2586 nec

298 2609 339 2672 de
353 2622 492 2688 auctore,
509 2609 629 2696 dequo
643 2547 720 2673 nihil
736 2609 842 2689 scitur,
858 2609 1054 2675 contendere.
1189 2677 1199 2690 ,

341 2695 500 2760 Videntur
513 2697 624 2783 utique
637 2696 670 2759 in
687 2696 786 2761 Iliade
801 2720 866 2761 esse
881 2721 962 2785 quae
981 2696 1044 2761 fide
1063 2696 1211 2762 historica
1230 2703 1350 2760 consta-¹

297 2781 393 2857 bant3
418 2805 476 2847 nec
490 2783 585 2846 modo
599 2783 632 2846 in
646 2806 752 2847 rerum
770 2806 910 2859 summa;
934 2807 1018 2862 nam,
1036 2783 1061 2846 si
1075 2797 1132 2847 aut
1147 2784 1278 2870 Trojam
1293 2796 1349 2846 aut

296 2868 416 2932 bellurn
438 2882 470 2934 et
491 2869 649 2934 excidium
665 2871 842 2958 Trojanum
864 2869 991 2935 omnino
1012 2869 1115 2934 ullum
1132 2869 1228 2934 fuisse
1243 2893 1348 2956 neges,

296 2969 453 3041 quantum
482 2955 611 3042 quidem
640 2957 674 3019 in
700 2970 731 3020 te
757 2971 814 3036 est,
838 2980 963 3023 omnem
987 2957 1116 3022 omnino
1140 2956 1347 3044 antiquitatis,

297 3054 369 3106 ante
391 3041 566 3106 litterarum
586 3055 789 3107 monumenta
803 3044 935 3130 elapsae,
951 3043 1046 3108 fidem
1061 3043 1129 3108 tolli
1143 3067 1266 3108 necesse
1280 3057 1345 3117 est;

296 3133 409 3192 verum
438 3127 532 3192 etiam
561 3128 594 3190 in
623 3129 766 3216 partibus
795 3129 936 3218 singulis.
981 3133 1034 3195 Ita
1062 3129 1193 3216 antiqua
1220 3130 1348 3194 videtur

295 3213 383 3280 fama
396 3227 570 3302 acceptum,
587 3228 674 3303 peste
688 3215 816 3279 afflictos
831 3240 896 3282 esse
911 3217 1063 3296 Achivos,
1079 3217 1244 3300 dissidium
1265 3217 1347 3280 inter

296 3301 453 3393 principes
467 3325 533 3366 esse
548 3316 704 3380 exortum,
721 3302 879 3368 Achillem
899 3327 957 3392 per
970 3302 1099 3392 aliquod
1113 3319 1237 3391 tempus
1251 3303 1284 3368 in
1299 3327 1349 3368 ca-
1439 3297 1444 3308 '

294 3388 367 3452 stris
383 3413 415 3454 se
429 3389 628 3469 continuisse,
644 3388 786 3454 inducias
800 3390 895 3454 fuisse
909 3391 1039 3458 violatas
1054 3405 1085 3456 et.
1100 3391 1143 3456 sic
1157 3415 1259 3478 porro.
1305 3393 1347 3454 In

294 3473 345 3538 his
366 3475 457 3541 facile
479 3475 764 3565 assequor,'.saltem
784 3477 916 3542 modum
938 3477 1095 3556 narrandi,
1111 3479 1253 3564 adeoque
1274 3478 1348 3542 deo-

295 3582 368 3625 rum
382 3561 604 3644 interventum,
620 3576 731 3654 poetae
744 3563 870 3652 ingenio
887 3564 1025 3629 deberi·
1049 3565 1168 3629 Verum
1182 3577 1347 3651 acceptum

294 3647 379 3714 fama
393 3674 459 3716 esse
473 3653 578 3740 potuit
595 3651 733 3730 omnino,
748 3666 868 3740 pestem
889 3653 985 3717 fuisse
1005 3652 1175 3719 immissam
1190 3651 1231 3716 ab
1246 3651 1349 3748 Apol-

294 3735 356 3800 line
385 3738 428 3803 ob
456 3738 621 3826 religiones
656 3738 806 3814 violatas;
846 3740 1028 3804 Pandarum
1064 3740 1200 3828 aliquem
1232 3749 1346 3826 sag1tta

291 3823 405 3888 emissa
418 3823 531 3890 foedus
546 3827 687 3890 turbasse
701 3837 733 3891 et
748 3827 790 3890 sic
804 3826 933 3914 reliqua.
979 3827 1112 3891 Videtur
1129 3849 1257 3914 quoque
1278 3824 1348 3911 ipsa

291 3909 377 3974 fama
398 3909 495 3976 fuisse
519 3912 736 3992 constitutum,
759 3915 922 3978 Junonem
944 3925 975 3978 et
997 3913 1178 3978 Minervam
1200 3910 1344 3989 Achivis,

294 3997 434 4062 Martem
448 4011 481 4062 et
495 3999 677 4086 Apollinem
692 4000 838 4087 Trojanis
860 4000 1024 4065 studuisse.
1070 4002 1121 4064 De
1135 4000 1183 4062 his
1198 3999 1344 4063 omnibus

290 4083 417 4149 ‘ariolari
438 4084 521 4164 licet,
537 4099 673 4150 statuere
694 4086 791 4161 nihil;
817 4099 853 4151 ut
872 4110 928 4151 nec
948 4088 988 4151 de
1002 4110 1049 4164 eo,
1065 4085 1153 4174 quod
1167 4085 1211 4152 dii
1225 4085 1343 4151 adscita

287 4169 395 4236 ‘forma
408 4171 548 4237 humana
568 4171 601 4236 in
622 4173 763 4237 medium
784 4173 947 4238 hominum
967 4173 1123 4260 progressi
1138 4197 1202 4238 esse
1216 4175 1345 4238 narran-

292 4267 356 4336 tur,
379 4271 510 4337 constat,
533 4271 698 4324 narratane
723 4259 800 4324 haec
826 4261 887 4346 sint
912 4284 995 4324 novo
1017 4260 1155 4340 invento,
1178 4283 1218 4324 an
1239 4259 1343 4346 prisco

292 4363 379 4410 more
399 4345 547 4410 narrandi
569 4347 720 4433 exposita,
736 4369 776 4411 an
791 4347 857 4435 ipsa
873 4347 957 4413 fama
972 4347 1012 4413 de
1026 4347 1121 4412 rebus
1137 4345 1283 4433 Trojanis
1297 4344 1344 4408 ita
