2998 5052
329 370 395 434 222
690 365 943 433 EXCURSUS
967 361 1016 430 ΙΙ.

372 538 501 611 Etenim
526 538 560 604 in
585 551 696 630 poetae
719 539 976 628 interpretatione
1003 535 1192 628 plerumque
1220 534 1371 602 desideres

330 627 574 694 Solroliastarum
590 625 808 702 subtilitatem
825 649 865 690 ex
876 647 934 690 suo
947 626 1135 714 plerumque
1146 646 1249 704 sensu,
1261 645 1325 690 non
1334 644 1371 688 ex

329 726 451 802 poetae,
462 714 574 802 ¹ejusve
588 713 708 793 aetatis,
723 728 756 780 et
770 712 935 779 hominum
948 711 1173 800 antiquiorum,
1186 733 1289 790 seusu,
1304 732 1372 775 con-

330 800 466 866 stituunt
494 800 636 866 notiones
661 801 831 866 verborum
860 799 926 864 anti
948 813 1096 864 ustorum
1124 811 1182 864 aut
1209 797 1370 875 rariorum,

330 910 394 952 non
421 911 461 952 ex
484 885 657 952 rationibus
679 885 867 966 necessariis,
970 909 1010 950 ex
1033 897 1180 950 contexto
1202 884 1236 949 in
1258 896 1371 948 certam

331 974 517 1039 senteutiam
537 973 671 1053 deflexo,
687 986 744 1039 aut
764 996 805 1037 ex
825 986 931 1060 etymo
950 973 992 1038 ad
1008 972 1140 1038 eandem
1157 970 1311 1036 rationem
1331 980 1373 1034 te-

265 1061 268 1070 ’
331 1083 417 1126 mere
438 1059 628 1135 constituto;
652 1072 817 1148 apponunt
841 1081 1026 1158 synonyma,
1049 1081 1106 1124 nec
1131 1071 1237 1124 tamen
1256 1056 1374 1144 inquo

331 1145 379 1211 vis
393 1145 482 1210 verbi
495 1159 607 1234 poetae
642 1146 747 1235 ropria
760 1144 883 1210 abalim
898 1145 1050 1211 similibus
1070 1146 1235 1233 discrepet,
1251 1155 1375 1208 eruunt.

332 1232 538 1319 Antiquiores
552 1169 681 1321 quiddm
698 1234 757 1298 bac
778 1231 812 1297 in
833 1246 923 1320 parte
945 1255 1037 1332 saepe
1057 1231 1217 1320 praeclara
1237 1241 1373 1308 mouent,

332 1319 421 1399 dum,
437 1320 574 1407 quaeda
593 1320 731 1408 antiquis
744 1312 903 1384 vocubulis
922 1319 1027 1384 dubirs
1048 1318 1192 1384 minusve
1211 1315 1379 1405 exploratis

332 1429 380 1485 ee,
396 1429 478 1493 quae
499 1405 581 1472 inter
601 1407 820 1496 grammaticos
841 1406 1001 1494 disputata
1022 1404 1094 1485 sint,
1114 1416 1302 1494 apponunt3
1325 1425 1377 1491 po-

332 1492 411 1556 tiore
430 1492 542 1580 utique
561 1492 629 1558 loco
647 1493 793 1559 habenda
811 1516 848 1557 ea
870 1506 944 1558 sunt
962 1506 1139 1582 propterea,
1154 1492 1231 1581 quis
1250 1490 1376 1556 seriores

332 1579 520 1667 plerumque
539 1578 599 1644 ista
617 1593 674 1645 aut
718 1579 892 1660 raeteriere,
908 1592 965 1645 aut
982 1602 1093 1644 manca
1113 1603 1149 1644 ac
1166 1590 1313 1644 truncata
1326 1599 1377 1665 ap-

332 1689 476 1754 posuere,
491 1665 536 1731 ita
557 1680 594 1731 ut
613 1603 772 1732 interdum
792 1689 831 1730 ne
851 1689 1014 1754 assequare
1029 1665 1168 1755 quidem,
1184 1665 1265 1753 quid
1280 1676 1377 1730 tauto-

333 1776 408 1841 pere
427 1752 608 1841 ineptierint
626 1753 759 1841 antiqui,
775 1765 813 1818 ut
835 1753 995 1818 traderent
1010 1776 1058 1832 ea,
1074 1753 1108 1816 in
1122 1753 1239 1840 quibus
1253 1773 1379 1817 sensum

221 1901 223 1906 .
333 1861 531 1914 communem
545 1839 711 1920 desideres,
727 1852 784 1905 aut
798 1863 880 1930 quae
894 1850 1001 1928 aperte
1014 1839 1094 1904 falsa
1108 1863 1173 1904 esse
1186 1837 1378 1927 pronunties.

377 1928 543 1991 Hactenus
562 1925 595 1989 in
613 1924 868 2014 interpretatione
887 1939 998 2026 poetae
1018 1925 1141 1991 ‘udicils
1159 1925 1275 1991 nostris
1294 1923 1379 1991 haud

334 2035 437 2110 peuce
449 2010 646 2099 reliquerunt
659 2027 790 2092 veteres,
806 2013 870 2078 sive
888 2035 921 2077 m
941 1949 1144 2099 dijudcanda
1159 2011 1305 2093 lectione,
1320 2011 1380 2092 sive

333 2121 368 2162 111
388 2098 613 2164 constituendis
635 2100 794 2166 sententiis
815 2112 847 2164 et
866 2099 1035 2164 verborum
1056 2098 1303 2187 atneptionibus,
1319 2099 1379 2163 sive

335 2183 369 2248 in
383 2199 450 2249 arte
463 2197 575 2286 poetae
590 2185 794 2262 declaranda3
818 2186 859 2251 de
873 2185 989 2273 quibus
1009 2185 1156 2250 omnibus
1173 2208 1259 2250 nuno
1280 2184 1381 2268 licebit

335 2271 448 2335 melius
464 2271 619 2359 judicare,
640 2285 672 2338 et
690 2272 828 2352 liberius,
844 2272 960 2360 purtim
974 2272 1062 2358 quod
1083 2272 1183 2337 otium
1204 2272 1382 2361 interpretis

335 2380 399 2422 non
428 2369 475 2423 est
504 2360 752 2424 consumendum
780 2359 814 2424 in
845 2382 884 2424 ex
908 2358 1047 2424 uirendis
1075 2359 1213 2447 antiquis
1241 2358 1379 2431 notitiis;

335 2445 593 2532 quondoquidem
612 2445 647 2510 id
667 2445 816 2534 primario
833 2457 884 2510 stu
908 2445 938 2546 :0
952 2445 1080 2534 egerim,
1094 2460 1133 2512 ut
1146 2470 1187 2512 ex
1201 2445 1383 2534 antiquiori-

335 2532 398 2597 bus
418 2533 545 2598 redacta
565 2555 755 2682 apgonerem
776 2556 814 2597 ea
835 2549 949 2614 omma,
965 2554 1101 2620 quorum
1123 2557 1201 2600 usus
1214 2532 1331 2621 abquis
1344 2531 1383 2597 ad

335 2631 447 2706 poetae
469 2641 532 2683 non
553 2642 605 2689 mo
628 2643 648 2683 o
668 2619 842 2698 lectionem,
865 2619 921 2684 sed
942 2631 974 2684 et
995 2619 1297 2708 interpretationem,
1320 2643 1383 2684 esse

336 2716 462 2792 posset3
510 2705 612 2784 atim,
631 2706 719 2791 quod
734 2705 773 2771 in
794 2706 832 2771 iis
853 2705 938 2794 ipsis,
957 2729 1039 2793 quae
1060 2730 1100 2771 ex
1121 2707 1259 2795 antiquis
1322 2729 1383 2772 am-

336 2791 456 2857 maticis
508 2791 571 2856 lata
591 2805 674 2872 sunt,
689 2792 788 2858 latent
810 2815 901 2880 saepe
923 2792 1041 2857 semina
1061 2806 1093 2857 et
1113 2793 1267 2859 elementa
1281 2731 1384 2859 bruna-

335 2901 408 2944 rum
429 2878 700 2955 observationum
725 2879 841 2967 partim
863 2880 951 2967 quod
972 2903 1119 2968 magnam
1140 2881 1311 2946 utilitatem
1332 2882 1384 2945 ha

336 2967 401 3046 bet,
418 2966 444 3030 si
458 2965 624 3030 sententias
642 2979 674 3030 et
688 2967 785 3031 verba
806 2966 910 3054 graeci
929 2979 1040 3053 poetae
1054 2967 1157 3032 verbis
1178 2967 1246 3032 aliis
1306 2966 1383 3034 aecis

212 3043 215 3046 ¹
310 3052 475 3118 vredditas
489 3051 618 3128 viderim
640 3075 705 3154 qna
718 3066 848 3141 propter
861 3053 938 3118 haee
951 3053 1052 3152 ipsae
1068 3053 1198 3119 Scholiis
1212 3068 1244 3119 et
1293 3053 1385 3120 exieis

191 3195 198 3208 ,
336 3139 456 3228 graecis
471 3138 579 3203 sedulo
598 3162 634 3204 ac
653 3140 708 3204 drb
731 3153 819 3205 enter
840 3162 982 3228 apposui.
1027 3142 1096 3205 Neo
1110 3163 1229 3220 vereor,
1245 3163 1287 3206 ne
1300 3141 1385 3230 quis-

246 3283 249 3289 Δ
360 3249 433 3290 uam
455 3248 575 3313 aequus
596 3239 627 3290 et
648 3165 825 3314 intelligens
845 3227 959 3291 harum
980 3226 1155 3292 litterarum
1179 3225 1276 3293 'udex
1296 3249 1318 3292 a
1336 3250 1384 3292 me

336 3251 422 3378 dicta
440 3311 474 3375 in
492 3311 642 3377 invidiam
661 3313 808 3392 adducat,
824 3327 856 3378 et
868 3336 920 3378 me
941 3325 997 3379 aut
1018 3313 1156 3402 antiquis
1175 3314 1386 3402 grammaticis

337 3399 584 3492 detrahere,aut
598 3401 821 3466 recentioribus
834 3399 967 3489 ingeniis
981 3399 1113 3466 nimium
1132 3423 1278 3554 arrogare
1295 3400 1385 3490 jacti-

227 3523 229 3526 ·
337 3499 400 3552 tet:
425 3487 539 3572 Neque
552 3485 635 3550 enim
649 3488 759 3576 reponi
778 3501 892 3588 potest,
907 3487 1137 3575 grammaticos,
1153 3487 1208 3577 qui
1231 3511 1270 3553 us
1284 3511 1384 3554 sermo

337 3586 448 3662 poetae
469 3584 537 3637 erat
556 3573 688 3662 patrius,
703 3598 803 3664 magis
824 3574 938 3639 idonea
953 3574 1076 3662 judicia
1095 3575 1207 3640 afferre
1227 3576 1382 3654 debuisse,

337 3682 521 3748 eorumque,
536 3660 654 3758 quippe
669 3662 725 3750 qui
738 3674 840 3727 aetate
859 3683 916 3726 nos
936 3659 1044 3726 multis
1065 3661 1195 3727 saeculis
1208 3685 1386 3762 praecesse-

337 3760 425 3827 runt,
441 3757 657 3813 auctontatem
671 3771 736 3814 esse
750 3749 866 3815 debere
879 3747 1051 3837 potiorem;
1068 3771 1152 3828 nam,
1167 3771 1281 3836 primo,
1297 3747 1384 3836 quod

272 3909 276 3918 ¹
337 3835 380 3901 ad
395 3855 566 3899 sermonem
585 3835 707 3915 attinet,
719 3837 787 3923 jam
801 3833 1091 3901 Alexandrinorum
1110 3848 1211 3901 aetate
1232 3835 1286 3901 ille
1305 3835 1385 3926 adeo

337 3934 406 3988 erat
420 3943 481 3986 usu
494 3919 590 4008 longo
603 3921 797 4002 immutatus,
813 3937 851 3988 ut
864 3922 966 3988 multa
978 3921 1011 3986 in
1027 3923 1170 3987 Homero
1183 3935 1286 3988 essent
1305 3922 1384 3987 anti-

338 4021 446 4099 quata,
462 4019 562 4094 utque
577 4009 725 4074 sermonis
739 4010 860 4098 antiqui
876 4008 977 4074 Ionici
996 4032 1060 4074 non
1073 4008 1174 4098 magis
1187 4009 1232 4074 illi
1246 4033 1303 4109 per
1317 4032 1382 4074 ser-

338 4118 463 4163 monem
486 4093 646 4182 vulgarem
668 4095 820 4161 baberent
841 4093 1011 4176 scientiam,
1027 4119 1123 4184 quam
1145 4119 1213 4176 nos,
1234 4119 1260 4161 ει
1281 4095 1384 4162 nullos

338 4184 414 4250 alios
435 4180 599 4268 scriptores
619 4180 797 4270 legerimus,
808 4203 910 4272 ‘quam
928 4183 1100 4263 historicos,
1116 4184 1267 4264 rhetores,
1282 4183 1383 4272 philo-

338 4270 453 4358 sophos
466 4281 497 4334 et
512 4267 682 4356 Sophistas.
729 4268 992 4358 Saepeequidem
1014 4270 1137 4336 defixus
1159 4293 1230 4335 sum
1251 4270 1284 4335 in
1302 4271 1384 4334 hanc

336 4355 567 4444 cogitationem,
587 4378 684 4443 quam
705 4357 805 4424 multa
826 4355 985 4423 vocabula
1000 4356 1042 4424 in*
1055 4359 1198 4424 Homero
1219 4367 1384 4423 occurrant·
